=LDR  07267cas a2201393 a 4500
=001  012431790
=003  Uk
=005  20221231144421.0
=006  m\\\\\\\\d\\\\\\\\
=007  cu||||||||||||
=008  040410c19929999ru\mx\p\o\\\\\0\\\a0eng\\
=FMT  \\$a  SE
=010  \\$a  2007233695
=019  c\$a102481982
=022  \\$a1608-3059$y1062-3590
=035  \\$a(OCoLC)48398519
=040  \\$aOCoLC$beng$cOCoLC$dOCoLC$dGU$dUk
=041  1\$aeng$hrus
=042  \\$aukblsr
=050  14$aQH301
=082  04$a570.5$223
=130  0\$aIzvestii︠a︡ Akademii nauk (Online).$pSerii︠a︡ biologicheskai︠a︡.$lEnglish.
=222  \0$aBiology bulletin$b(Online)
=245  10$aBiology bulletin$h[electronic resource].
=246  13$aBiology bulletin of the Russian Academy of Sciences
=246  13$aIzvestii︠a︡ Rossiĭskoĭ Akademii nauk (Online).$pSerii︠a︡ biologicheskai︠a︡. English
=260  \\$aMoscow :$bNauka/Interperiodica
=300  \\$billustrations (black and white)
=310  \\$aTen issues yearly,$b2011-
=321  \\$aNine issues yearly,$b2010
=321  \\$aBimonthly,$b-2009
=336  \\$atext$2rdacontent
=337  \\$acomputer$2rdamedia
=362  1\$aPrint began with vol. 19, no. 1 (Jan./Feb. 1992).
=515  \\$aNumbering is the same as for the Russian original.
=580  \\$aOrignal print version of this title translated from the Russian: Izvestii︠a︡ Akademii nauk. Serii︠a︡ biologicheskai︠a︡.
=580  \\$aOrignal print version of this title was preceded by an earlier title: Izvestii︠a︡ Akademii nauk SSSR. Serii︠a︡ biologicheskai︠a︡. English. Biology bulletin of the Academy of Sciences of the USSR.
=588  \\$aDescription based on: Vol. 27, no. 6 (Nov. 2000); title from contents screen (SpringerLink, viewed Aug. 9, 2007).
=588  \\$aLatest issue consulted: volume 43, number 4 (July 2016) (viewed August 15, 2016).
=540  \\$aCurrent copyright fee: GBP29.95$c22\1$5Uk
=650  \0$aBiology$vPeriodicals.
=710  2\$aRossiĭskai︠a︡ akademii︠a︡ nauk.
=776  08$iAlso issued in print as:$tIzvestii︠a︡ Akademii nauk. Serii︠a︡ biologicheskai︠a︡. English$x1062-3590
=856  40$uhttp://www.springerlink.com/content/106520/
=856  4\$uhttp://firstsearch.oclc.org$zAddress for accessing the journal using authorization number and password through OCLC FirstSearch Electronic Collections Online
=856  4\$uhttp://firstsearch.oclc.org/journal=1062-3590;screen=info;ECOIP$zAddress for accessing the journal from an authorized IP address through OCLC FirstSearch Electronic Collections Online
=856  \\$ahttp://estar.bl.uk/cgi-bin/sciserv.pl?collection=journals&journal=10623590&issue=v27i0006
=856  \\$31850-9999$uhttp://www.springer.com/gb/$xBLDSS
=859  \\$aXLD$bejournal
=852  41$aBritish Library$bDSC$j0406.045000$3Volume 27:Issue 6(2000)-Volume 44:Issue 10(2017)***See ESTAR for full holdings.
=945  \\$aBiology bulletin- Russian Academy of sciences c/c of Izvestiia- Rossiiskoi Akademii Nauk seriia Biologicheskaia
=959  \\$fHeld but not currently received
=979  \\$aBritish Library$bDSC$j0406.045000
=A02  \\$a102481982
=CAT  \\$aCONV$b00$c20040425$lBLL90$h0712
=CAT  \\$aBATCH-UPD$b00$c20150520$lBLL01$h1927
=CAT  \\$aIPL-CLA$c20150630$lBLL01$h1642
=CAT  \\$aBATCH-UPD$b00$c20150820$lBLL01$h1957
=CAT  \\$aIPL-CLA$c20150930$lBLL01$h1800
=CAT  \\$aBATCH-UPD$b00$c20160217$lBLL01$h1856
=CAT  \\$aIPL-CLA$c20160331$lBLL01$h1721
=CAT  \\$aBATCH-UPD$b00$c20160524$lBLL01$h2155
=CAT  \\$aBATCH-UPD$b00$c20160524$lBLL01$h2243
=CAT  \\$a8323$b40$c20160816$lBLL01$h0831
=CAT  \\$aBATCH-UPD$b40$c20160824$lBLL01$h1914
=CAT  \\$aIPL-CLA$c20160930$lBLL01$h1558
=CAT  \\$aBATCH-UPD$b00$c20170216$lBLL01$h1959
=CAT  \\$aIPL-CLA$c20170331$lBLL01$h1840
=CAT  \\$aBATCH-UPD$b00$c20170904$lBLL01$h2030
=CAT  \\$aIPL-CLA$c20170929$lBLL01$h1724
=CAT  \\$aBATCH-UPD$b00$c20180223$lBLL01$h1929
=CAT  \\$aIPL-CLA$c20180331$lBLL01$h1615
=CAT  \\$aW1805-0475$c20180520$lBLL01$h1631
=CAT  \\$aBATCH-UPD$b00$c20180524$lBLL01$h1809
=CAT  \\$aIPL-CLA$c20180630$lBLL01$h1914
=CAT  \\$aW1908-0780$b00$c20200730$lBLL01$h1322
=CAT  \\$aCDS21$c20220118$lBLL01$h1104
=CAT  \\$aBATCH-UPD$b00$c20221121$lBLL01$h1359
=CAT  \\$a5410$b40$c20221230$lBLL01$h1859
=CAT  \\$aIPL-CLA$c20221231$lBLL01$h1444
=CFI  0\$aCurrent copyright fee: GBP29.95$c22\1$e01-jan-2023$fGBP29.95$g0$hP$5Uk
=CFI  2\$aPrevious copyright fee: GBP34.00$c22\1$e01-jul-2018$fGBP34.00$g0$hP$5Uk
=EST  \\$a1
=FFP  \\$aY$bBLDSS-3PM
=FIN  \\$aY
=LEO  \\$aMP10.0000629060
=LKR  \\$aPAR$b009180665$lBLL01$r776$mBiology bulletin of the Russian Academy of Sciences (Online)$nBiology bulletin of the Russian Academy of Sciences (Print)
=MNI  \\$a1062-3590
=SRC  \\$aBLL02
=SRC  \\$aDSS01$bbibmp10.200404.2.aa
=TCO  \\$aNLD$bSTICHTING REPRORECHT$c008
=TCO  \\$aXXX$c008
=TOC  \\$aETOC
=UNO  \\$aY
=ACF  \\$aPrevious copyright fee: GBP21.25$c4\3$e01-jan-2009$fGBP21.25$g0$hP$5Uk
=ACF  \\$aPrevious copyright fee: GBP16.75$c4\3$e01-jan-2007$fGBP16.75$g0$hP$5Uk
=ACF  \\$aPrevious copyright fee: GBP16.22$c4\3$e01-oct-2006$fGBP16.22$g0$hP$5Uk
=ACF  \\$aPrevious copyright fee: GBP17.14$c4\3$e01-apr-2006$fGBP17.14$g0$hP$5Uk
=ACF  \\$aPrevious copyright fee: GBP16.67$c4\3$e01-jan-2006$fGBP16.67$g0$hP$5Uk
=ACF  \\$aPrevious copyright fee: GBP16.22$c4\3$e01-apr-2005$fGBP16.22$g0$hP$5Uk
=ACF  \\$aPrevious copyright fee: GBP16.67$c4\3$e01-jan-2005$fGBP16.67$g0$hP$5Uk
=ACF  \\$aPrevious copyright fee: GBP13.51$c4\3$e01-apr-2004$fGBP13.51$g0$hP$5Uk
=ACF  \\$aCurrent copyright fee: GBP14.71$c4\3$e01-jan-2004$fGBP14.71$g0$hP$5Uk
=ACF  \\$aCurrent copyright fee: GBP15.63$c4\3$e01-jan-2003$fGBP15.63$g0$hP$5Uk
=ACF  \\$aPrevious copyright fee: GBP22.00$c4\3$e01-apr-2009$fGBP22.00$g0$hP$5Uk
=ACF  \\$aPrevious copyright fee: GBP22.00$c4\3$e12-aug-2012$fGBP22.00$g0$hP$5Uk
=ACF  \\$aPrevious copyright fee: GBP25.00$c4\3$e01-jan-2013$fGBP25.00$g0$hP$5Uk
=ACF  \\$aPrevious copyright fee: GBP25.77$c4\3$e01-jul-2013$fGBP25.77$g0$hP$5Uk
=ACF  \\$aPrevious copyright fee: GBP24.97$c4\3$e01-jan-2014$fGBP24.97$g0$hP$5Uk
=ACF  \\$aPrevious copyright fee: GBP24.21$c4\3$e01-jul-2014$fGBP24.21$g0$hP$5Uk
=ACF  \\$aPrevious copyright fee: GBP25.77$c4\3$e01-apr-2015$fGBP25.77$g0$hP$5Uk
=ACF  \\$aPrevious copyright fee: GBP26.63$c4\3$e01-jul-2015$fGBP26.63$g0$hP$5Uk
=ACF  \\$aPrevious copyright fee: GBP25.77$c4\3$e01-oct-2015$fGBP25.77$g0$hP$5Uk
=ACF  \\$aPrevious copyright fee: GBP27.55$c4\3$e01-apr-2016$fGBP27.55$g0$hP$5Uk
=ACF  \\$aPrevious copyright fee: GBP29.59$c4\3$e01-oct-2016$fGBP29.59$g0$hP$5Uk
=ACF  \\$aPrevious copyright fee: GBP31.96$c4\3$e01-apr-2017$fGBP31.96$g0$hP$5Uk
=ACF  \\$aPrevious copyright fee: GBP30.73$c4\3$e01-oct-2017$fGBP30.73$g0$hP$5Uk
=ACF  \\$aPrevious copyright fee: GBP28.54$c4\3$e01-apr-2018$fGBP28.54$g0$hP$5Uk
=LAS  \\$aIPL-CLA$b00$c20221231$lBLL01$h1444

