=LDR  07260cas a2201465 a 4500
=001  012431833
=003  Uk
=005  20230106175059.0
=006  m\\\\\\\\d\\\\\\\\
=007  cr||||||||||||
=008  040410c19799999xxubr\p\o\\\\\0\\\a0eng\\
=FMT  \\$a  SE
=010  \\$a  2008233394
=019  c\$a102011103
=022  \\$a1573-8922$l0191-5665$y0191-5665
=030  \\$aMCMAD7
=035  \\$a(OCoLC)48635692
=040  \\$aF#A$beng$cF#A$dOCLCQ$dGUA$dYUS$dAUD$dU9S$dGUA$dOCLCQ$dOCLCO$dOCLCF$dOCLCO$dOCLCQ$dUk
=041  1\$aeng$hrus
=042  \\$aukblsr
=050  14$aTA455.P58
=082  04$a620.118305$223
=130  0\$aMechanics of composite materials (Online)
=210  0\$aMech. compos. mater.$b(Online)
=222  \0$aMechanics of composite materials$b(Online)
=245  10$aMechanics of composite materials$h[electronic resource].
=264  \1$a[New York] :$bPlenum Publishing Corporation
=264  21$a[New York] :$bKluwer Academic/Plenum Publishers
=264  31$aNew York :$bSpringer Science+Business Media
=300  \\$billustrations (black and white)
=310  \\$aBimonthly,$b2011-
=321  \\$aSix issues yearly,$b-2010
=336  \\$atext$2rdacontent
=337  \\$acomputer$2rdamedia
=338  \\$aonline resource$2rdacarrier
=362  1\$aPrint began with volume 15 (January/February 1979).
=580  \\$aOriginal print version of this title translated fom the Russian: Mekhanika kompozitnykh materialov.
=580  \\$aIncludes issues of earlier title: Polymer mechanics.
=588  \\$aDescription based on: Vol. 33, no. 1 (Jan. 1997); title from journal information screen (SpringerLink, viewed Feb. 26, 2008).
=588  \\$aLatest issue consulted: volume 52, number 4 (September 2016) = Russian original, volume 52, number 4 (July-August 2016) (viewed December 2, 2016).
=540  \\$aCurrent copyright fee: GBP29.95$c22\1$5Uk
=650  \0$aComposite materials$xMechanical properties$vPeriodicals.
=650  \0$aPolymers$xMechanical properties$vPeriodicals.
=650  \0$aFibrous composites$xMechanical properties$vPeriodicals.
=650  \0$aStrength of materials$vPeriodicals.
=655  \0$aElectronic journals.
=655  \7$aPeriodicals.$2fast
=776  08$iPrint version:$tMekhanika kompozitnykh materialov. English. Mechanics of composite materials$x0191-5665
=780  10$tPolymer mechanics$x2377-7761
=856  40$uhttp://www.springerlink.com/content/106485/
=856  4\$uhttp://firstsearch.oclc.org$zAddress for accessing the journal using authorization number and password through OCLC FirstSearch Electronic Collections Online
=856  \\$ahttp://estar.bl.uk/cgi-bin/sciserv.pl?collection=journals&journal=01915665&issue=v36i0005
=856  \\$31850-9999$uhttp://www.springer.com/gb/$xBLDSS
=859  \\$aXLD$bejournal
=852  41$aBritish Library$bDSC$j0415.849000$3Volume 36:Issue 5(2000)-Volume 54:Issue 1(2018)***See ESTAR for full holdings.
=945  \\$aMechanics of composite materials c/c of Mekhanika kompozitnykh materialov
=959  \\$fHeld but not currently received
=979  \\$aBritish Library$bDSC$j0415.849000
=A02  \\$a102011103
=CAT  \\$aCONV$b00$c20040425$lBLL90$h0712
=CAT  \\$aIPL-CLA$c20150331$lBLL01$h1633
=CAT  \\$aBATCH-UPD$b00$c20150520$lBLL01$h1837
=CAT  \\$aIPL-CLA$c20150630$lBLL01$h1642
=CAT  \\$aBATCH-UPD$b00$c20150820$lBLL01$h1919
=CAT  \\$aIPL-CLA$c20150930$lBLL01$h1800
=CAT  \\$aBATCH-UPD$b00$c20160217$lBLL01$h1814
=CAT  \\$aIPL-CLA$c20160331$lBLL01$h1721
=CAT  \\$aBATCH-UPD$b00$c20160524$lBLL01$h2155
=CAT  \\$aBATCH-UPD$b00$c20160524$lBLL01$h2243
=CAT  \\$aBATCH-UPD$b00$c20160824$lBLL01$h1839
=CAT  \\$aIPL-CLA$c20160930$lBLL01$h1558
=CAT  \\$a8323$b40$c20161202$lBLL01$h1532
=CAT  \\$aBATCH-UPD$b40$c20170216$lBLL01$h1922
=CAT  \\$aIPL-CLA$c20170331$lBLL01$h1840
=CAT  \\$aBATCH-UPD$b00$c20170904$lBLL01$h1942
=CAT  \\$aIPL-CLA$c20170929$lBLL01$h1724
=CAT  \\$aBATCH-UPD$b00$c20180223$lBLL01$h1822
=CAT  \\$aIPL-CLA$c20180331$lBLL01$h1615
=CAT  \\$aW1805-0475$c20180520$lBLL01$h1631
=CAT  \\$aBATCH-UPD$b00$c20180524$lBLL01$h1740
=CAT  \\$aIPL-CLA$c20180630$lBLL01$h1914
=CAT  \\$aW1908-0780$b00$c20200730$lBLL01$h1322
=CAT  \\$aCDS21$c20220118$lBLL01$h1104
=CAT  \\$aBATCH-UPD$b00$c20221121$lBLL01$h1359
=CAT  \\$aIPL-CLA$c20221231$lBLL01$h1444
=CAT  \\$a5410$b40$c20230106$lBLL01$h1750
=CFI  0\$aCurrent copyright fee: GBP29.95$c22\1$e01-jan-2023$fGBP29.95$g0$hP$5Uk
=CFI  2\$aPrevious copyright fee: GBP34.00$c22\1$e01-jul-2018$fGBP34.00$g0$hP$5Uk
=EST  \\$a1
=FFP  \\$aY$bBLDSS-3PM
=FIN  \\$aY
=LEO  \\$aMP10.0000629103
=LKR  \\$aPAR$b009180930$lBLL01$r776$mMechanics of composite materials (Print)$nMechanics of composite materials (Online)
=MNI  \\$a0191-5665
=SRC  \\$aBLL02
=SRC  \\$aDSS01$bbibmp10.200404.2.aa
=TCO  \\$aTRS$bCCC$c008
=TOC  \\$aETOC
=UNO  \\$aY
=ACF  \\$aPrevious copyright fee: GBP21.25$c4\1$e01-jan-2009$fGBP21.25$g0$hP$5Uk
=ACF  \\$aPrevious copyright fee: GBP16.75$c4\1$e01-jan-2007$fGBP16.75$g0$hP$5Uk
=ACF  \\$aPrevious copyright fee: GBP16.22$c4\1$e01-oct-2006$fGBP16.22$g0$hP$5Uk
=ACF  \\$aPrevious copyright fee: GBP17.14$c4\1$e01-apr-2006$fGBP17.14$g0$hP$5Uk
=ACF  \\$aPrevious copyright fee: GBP16.67$c4\1$e01-jan-2006$fGBP16.67$g0$hP$5Uk
=ACF  \\$aPrevious copyright fee: GBP16.22$c4\1$e01-apr-2005$fGBP16.22$g0$hP$5Uk
=ACF  \\$aPrevious copyright fee: GBP16.67$c4\1$e01-jan-2005$fGBP16.67$g0$hP$5Uk
=ACF  \\$aPrevious copyright fee: GBP13.51$c13\1$e07-dec-2004$fGBP13.51$g0$hP$5Uk
=ACF  \\$aCurrent copyright fee: GBP13.51$c4\1$e01-apr-2004$fGBP13.51$g0$hP$5Uk
=ACF  \\$aCurrent copyright fee: GBP14.71$c4\1$e01-jan-2004$fGBP14.71$g0$hP$5Uk
=ACF  \\$aCurrent copyright fee: GBP15.63$c4\1$e01-jan-2003$fGBP15.63$g0$hP$5Uk
=ACF  \\$aPrevious copyright fee: GBP22.00$c4\1$e01-apr-2009$fGBP22.00$g0$hP$5Uk
=ACF  \\$aPrevious copyright fee: GBP22.00$c4\1$e12-aug-2012$fGBP22.00$g0$hP$5Uk
=ACF  \\$aPrevious copyright fee: GBP25.00$c4\1$e01-jan-2013$fGBP25.00$g0$hP$5Uk
=ACF  \\$aPrevious copyright fee: GBP25.77$c4\1$e01-jul-2013$fGBP25.77$g0$hP$5Uk
=ACF  \\$aPrevious copyright fee: GBP24.97$c4\1$e01-jan-2014$fGBP24.97$g0$hP$5Uk
=ACF  \\$aPrevious copyright fee: GBP24.21$c4\1$e01-jul-2014$fGBP24.21$g0$hP$5Uk
=ACF  \\$aPrevious copyright fee: GBP25.77$c4\1$e01-apr-2015$fGBP25.77$g0$hP$5Uk
=ACF  \\$aPrevious copyright fee: GBP26.63$c4\1$e01-jul-2015$fGBP26.63$g0$hP$5Uk
=ACF  \\$aPrevious copyright fee: GBP25.77$c4\1$e01-oct-2015$fGBP25.77$g0$hP$5Uk
=ACF  \\$aPrevious copyright fee: GBP27.55$c4\1$e01-apr-2016$fGBP27.55$g0$hP$5Uk
=ACF  \\$aPrevious copyright fee: GBP29.59$c4\1$e01-oct-2016$fGBP29.59$g0$hP$5Uk
=ACF  \\$aPrevious copyright fee: GBP31.96$c4\1$e01-apr-2017$fGBP31.96$g0$hP$5Uk
=ACF  \\$aPrevious copyright fee: GBP30.73$c4\1$e01-oct-2017$fGBP30.73$g0$hP$5Uk
=ACF  \\$aPrevious copyright fee: GBP28.54$c4\1$e01-apr-2018$fGBP28.54$g0$hP$5Uk
=LAS  \\$a5410$b40$c20230106$lBLL01$h1750

