=LDR  06789cas a2201477 a 4500
=001  012431836
=003  Uk
=005  20230501152420.0
=006  m\\\\\\\\d\\\\\\\\
=007  cr||||||||||||
=008  040410c19579999vb\br\p\o\\\\\0\\\a0eng\\
=FMT  \\$a  SE
=010  \\$a   61000140 $zsn 78005079 
=019  c\$a102011119
=022  \\$a1608-3237$y0026-2617$z1573-8914$202
=030  \\$aMIBLAO
=032  \\$a854580$bUSPS
=035  \\$a(OCoLC)230745086
=040  \\$aAUD$beng$cAUD$dOCLCQ$dOCLCF$dOCLCO$dUk
=041  1\$aeng$hrus
=042  \\$aukblsr$aissnuk
=050  00$aQR1$b.M653
=060  00$aW1$bMI292
=070  0\$a448.3$bM582Ae
=072  \0$aX300
=082  04$a579.05$223
=130  0\$aMicrobiology (Online)
=210  0\$aMicrobiology$b(Online)
=222  \0$aMicrobiology$b(Online)
=245  10$aMicrobiology$h[electronic resource].
=264  \1$a[Moscow] :$bMAIK "Nauka/Interperiodica"
=264  21$a[Moscow] :$bPleiades Publishing, Ltd.
=264  31$a[Tortola, British Virgin Islands] :$bPleiades Publishing
=300  \\$billustrations (black and white)
=310  \\$aBimonthly
=336  \\$atext$2rdacontent
=337  \\$acomputer$2rdamedia
=338  \\$aonline resource$2rdacarrier
=362  1\$aPrint began with volume 26 (January/February 1957).
=580  \\$aOriginal print version of this title translated from the Russian: Mikrobiologii︠a︡.
=588  \\$aDescription based on print version record.
=588  \\$aLatest issue consulted: volume 91, issue 6 (December 2022) (SpringerLink, viewed December 12, 2022).
=540  \\$aCurrent copyright fee: GBP29.95$c22\1$5Uk
=650  \0$aMicrobiology$vPeriodicals.
=650  \0$aIndustrial microbiology$vPeriodicals.
=655  \7$aPeriodicals.$2fast
=710  2\$aAmerican Institute of Biological Sciences.
=710  2\$aNational Science Foundation (U.S.)
=776  08$iAlso issued in print as:$tMicrobiology$x0026-2617
=856  40$uhttp://www.springerlink.com/openurl.asp?genre=journal&issn=0026-2617$zFull text from SpringerLink Contemporary - NESLi2: 01/11/2000 to present
=856  \\$ahttp://estar.bl.uk/cgi-bin/sciserv.pl?collection=journals&journal=00262617&issue=v69i0006
=856  \\$31850-9999$uhttp://www.springer.com/gb/$xBLDSS
=856  40$uhttps://www.springer.com/journal/11021
=859  \\$aXLD$bejournal
=852  41$aBritish Library$bDSC$j0416.200000$3Volume 69:Issue 6(2000)-Volume 87:Issue 1(2018)***See ESTAR for full holdings.
=945  \\$aMicrobiology -AIBS- c/c of Mikrobiologiia
=959  \\$fHeld but not currently received
=979  \\$aBritish Library$bDSC$j0416.200000
=985  \\$aCorrected by BSS-generated file for WR# 08/157
=985  \\$aISSN responsibility transferred from ISSN Russia (12/12/22)
=A02  \\$a102011119
=CAT  \\$aCONV$b00$c20040425$lBLL90$h0712
=CAT  \\$aBATCH-UPD$b00$c20150820$lBLL01$h1957
=CAT  \\$aIPL-CLA$c20150930$lBLL01$h1800
=CAT  \\$aBATCH-UPD$b00$c20160217$lBLL01$h1856
=CAT  \\$aIPL-CLA$c20160331$lBLL01$h1721
=CAT  \\$aBATCH-UPD$b00$c20160524$lBLL01$h2155
=CAT  \\$aBATCH-UPD$b00$c20160524$lBLL01$h2243
=CAT  \\$aBATCH-UPD$b00$c20160824$lBLL01$h1914
=CAT  \\$aIPL-CLA$c20160930$lBLL01$h1558
=CAT  \\$a8323$b40$c20161208$lBLL01$h1133
=CAT  \\$aBATCH-UPD$b40$c20170216$lBLL01$h1959
=CAT  \\$aIPL-CLA$c20170331$lBLL01$h1840
=CAT  \\$aBATCH-UPD$b00$c20170904$lBLL01$h2030
=CAT  \\$aIPL-CLA$c20170929$lBLL01$h1724
=CAT  \\$aBATCH-UPD$b00$c20180223$lBLL01$h1929
=CAT  \\$aIPL-CLA$c20180331$lBLL01$h1615
=CAT  \\$aW1805-0475$c20180520$lBLL01$h1631
=CAT  \\$aBATCH-UPD$b00$c20180524$lBLL01$h1809
=CAT  \\$aIPL-CLA$c20180630$lBLL01$h1914
=CAT  \\$aW1908-0780$b00$c20200730$lBLL01$h1322
=CAT  \\$aCDS21$c20220118$lBLL01$h1104
=CAT  \\$aBATCH-UPD$b00$c20221121$lBLL01$h1359
=CAT  \\$a10806$b40$c20221212$lBLL01$h1149
=CAT  \\$a10806$b40$c20221222$lBLL01$h1017
=CAT  \\$aIPL-CLA$c20221231$lBLL01$h1444
=CAT  \\$a5410$b40$c20230501$lBLL01$h1524
=CFI  0\$aCurrent copyright fee: GBP29.95$c22\1$e01-jan-2023$fGBP29.95$g0$hP$5Uk
=CFI  2\$aPrevious copyright fee: GBP34.00$c22\1$e01-jul-2018$fGBP34.00$g0$hP$5Uk
=EST  \\$a1
=FFP  \\$aY$bBLDSS-3PM
=FIN  \\$aY
=LEO  \\$aMP10.0000629106
=LKR  \\$aPAR$b009180949$lBLL01$r776$mMicrobiology (Online)$nMicrobiology (Print)
=MNI  \\$a0026-2617
=SID  \\$aZ39$bOCLC
=SRC  \\$aDSS01$bbibmp10.200404.2.aa
=TCO  \\$aNLD$bSTICHTING REPRORECHT$c008
=TCO  \\$aTRS$bCCC$c008
=TOC  \\$aETOC
=UNO  \\$aY
=ACF  \\$aPrevious copyright fee: GBP21.25$c4\3$e01-jan-2009$fGBP21.25$g0$hP$5Uk
=ACF  \\$aPrevious copyright fee: GBP16.75$c4\3$e01-jan-2007$fGBP16.75$g0$hP$5Uk
=ACF  \\$aPrevious copyright fee: GBP16.22$c4\3$e01-oct-2006$fGBP16.22$g0$hP$5Uk
=ACF  \\$aPrevious copyright fee: GBP17.14$c4\3$e01-apr-2006$fGBP17.14$g0$hP$5Uk
=ACF  \\$aPrevious copyright fee: GBP16.67$c4\3$e01-jan-2006$fGBP16.67$g0$hP$5Uk
=ACF  \\$aPrevious copyright fee: GBP16.22$c4\3$e01-apr-2005$fGBP16.22$g0$hP$5Uk
=ACF  \\$aPrevious copyright fee: GBP16.67$c4\3$e01-jan-2005$fGBP16.67$g0$hP$5Uk
=ACF  \\$aPrevious copyright fee: GBP13.51$c4\3$e01-apr-2004$fGBP13.51$g0$hP$5Uk
=ACF  \\$aCurrent copyright fee: GBP14.71$c4\3$e01-jan-2004$fGBP14.71$g0$hP$5Uk
=ACF  \\$aCurrent copyright fee: GBP15.63$c4\3$e01-jan-2003$fGBP15.63$g0$hP$5Uk
=ACF  \\$aPrevious copyright fee: GBP22.00$c4\3$e01-apr-2009$fGBP22.00$g0$hP$5Uk
=ACF  \\$aPrevious copyright fee: GBP22.00$c4\3$e12-aug-2012$fGBP22.00$g0$hP$5Uk
=ACF  \\$aPrevious copyright fee: GBP25.00$c4\3$e01-jan-2013$fGBP25.00$g0$hP$5Uk
=ACF  \\$aPrevious copyright fee: GBP25.77$c4\3$e01-jul-2013$fGBP25.77$g0$hP$5Uk
=ACF  \\$aPrevious copyright fee: GBP24.97$c4\3$e01-jan-2014$fGBP24.97$g0$hP$5Uk
=ACF  \\$aPrevious copyright fee: GBP24.21$c4\3$e01-jul-2014$fGBP24.21$g0$hP$5Uk
=ACF  \\$aPrevious copyright fee: GBP25.77$c4\3$e01-apr-2015$fGBP25.77$g0$hP$5Uk
=ACF  \\$aPrevious copyright fee: GBP26.63$c4\3$e01-jul-2015$fGBP26.63$g0$hP$5Uk
=ACF  \\$aPrevious copyright fee: GBP25.77$c4\3$e01-oct-2015$fGBP25.77$g0$hP$5Uk
=ACF  \\$aPrevious copyright fee: GBP27.55$c4\3$e01-apr-2016$fGBP27.55$g0$hP$5Uk
=ACF  \\$aPrevious copyright fee: GBP29.59$c4\3$e01-oct-2016$fGBP29.59$g0$hP$5Uk
=ACF  \\$aPrevious copyright fee: GBP31.96$c4\3$e01-apr-2017$fGBP31.96$g0$hP$5Uk
=ACF  \\$aPrevious copyright fee: GBP30.73$c4\3$e01-oct-2017$fGBP30.73$g0$hP$5Uk
=ACF  \\$aPrevious copyright fee: GBP28.54$c4\3$e01-apr-2018$fGBP28.54$g0$hP$5Uk
=LAS  \\$a5410$b40$c20230501$lBLL01$h1524

