=LDR  05432cas a2201213 a 4500
=001  016017521
=003  Uk
=005  20230408171744.0
=006  m\\\\\\\\d\\\\\\\\
=007  cr\mnu||||||||
=008  980227c19709999gw\br\pso\\\\\0\\\b0fre\d
=FMT  \\$a  SE
=010  \\$a2009252129
=022  0\$a1297-9678$l0044-8435$y0044-8435$27
=035  \\$a(OCoLC)38523326
=040  \\$aOH1$cOH1$dOCL$dOCLCQ$dMUQ$dUQ1$dWAU$dGUA$dUk
=041  0\$afre$ager$aeng
=042  \\$aukblsr
=050  04$aSF521
=082  04$a638.105$223
=130  0\$aApidologie (Online)
=210  1\$aApidologie$b(Online)
=222  \0$aApidologie$b(Online)
=245  10$aApidologie$h[electronic resource].
=260  \\$aParis :$bArbeitsgemeinschaft der Institute für Bienenforschung [et] Institut national de la recherche agronomique
=260  2\$3<2005>-$a[S.l.] :$bEDP Sciences
=260  3\$a[Heidelberg] :$bSpringer
=310  \\$aBimonthly
=336  \\$atext$2rdacontent
=337  \\$acomputer$2rdamedia
=338  \\$aonline resource$2rdacarrier
=362  1\$aBegan with: Vol. 1, no. 1 (1970).
=588  \\$aDescription based on: Vol. 1, no. 1 (1970); title from table of contents (publisher's Web site, viewed Apr. 20, 2009).
=588  \\$aLatest issue consulted: Vol. 43, no. 1 (Jan. 2012).
=546  \\$aSummaries in English, French, and German.
=540  \\$aCurrent copyright fee: GBP29.95$c22\1$5Uk
=650  \0$aBees$vPeriodicals.
=650  \0$aBee culture$vPeriodicals.
=710  2\$aInstitut national de la recherche agronomique (France)
=710  2\$aArbeitsgemeinschaft der Institute für Bienenforschung (Celle, Germany)
=710  2\$aEDP Sciences.
=710  2\$aDeutscher Imkerbund.
=776  08$iAlso issued in print:$tApidologie$x0044-8435
=856  \\$31850-9999$uhttp://www.springer.com/gb/$xBLDSS
=856  4\$uhttp://www.elsevier.com/homepage/elecserv.htt$zAddress for contacting Elsevier regarding subscription information
=856  4\$zLink no longer valid:$ahttp://www.apidologie.org/index.php?option=issues&view=all&lang=en#yearMoins1958
=856  40$uhttp://www.springerlink.com/content/0044-8435/
=859  \\$aXLD$bejournal
=852  41$aBritish Library$bDSC$j1568.563000$3Volume 38:Issue 1(2007)-Volume 49:Issue 1(2018)***See ESTAR for full holdings.
=945  \\$aApidologie
=959  \\$fHeld but not currently received
=979  \\$aBritish Library$bDSC$j1568.563000
=CAT  \\$a12654$b40$c20120127$lBLL01$h1224
=CAT  \\$aBATCH-UPD$b00$c20150219$lBLL01$h1745
=CAT  \\$aIPL-CLA$c20150331$lBLL01$h1718
=CAT  \\$aBATCH-UPD$b00$c20150520$lBLL01$h1752
=CAT  \\$aIPL-CLA$c20150630$lBLL01$h1717
=CAT  \\$aBATCH-UPD$b00$c20150820$lBLL01$h1839
=CAT  \\$aIPL-CLA$c20150930$lBLL01$h1844
=CAT  \\$aBATCH-UPD$b00$c20160217$lBLL01$h1730
=CAT  \\$aIPL-CLA$c20160331$lBLL01$h1807
=CAT  \\$aBATCH-UPD$b00$c20160524$lBLL01$h2214
=CAT  \\$aBATCH-UPD$b00$c20160525$lBLL01$h0054
=CAT  \\$aBATCH-UPD$b00$c20160824$lBLL01$h1757
=CAT  \\$aIPL-CLA$c20160930$lBLL01$h1635
=CAT  \\$aBATCH-UPD$b00$c20170216$lBLL01$h1845
=CAT  \\$aIPL-CLA$c20170331$lBLL01$h1913
=CAT  \\$aBATCH-UPD$b00$c20170904$lBLL01$h1854
=CAT  \\$aIPL-CLA$c20170929$lBLL01$h1758
=CAT  \\$aBATCH-UPD$b00$c20180223$lBLL01$h1726
=CAT  \\$aIPL-CLA$c20180331$lBLL01$h1658
=CAT  \\$aW1805-0475$c20180520$lBLL01$h1632
=CAT  \\$aBATCH-UPD$b00$c20180524$lBLL01$h1715
=CAT  \\$aIPL-CLA$c20180630$lBLL01$h1935
=CAT  \\$aW1908-0780$b00$c20200730$lBLL01$h1332
=CAT  \\$aCDS21$c20220118$lBLL01$h1105
=CAT  \\$aBATCH-UPD$b00$c20221121$lBLL01$h1405
=CAT  \\$aIPL-CLA$c20221231$lBLL01$h1451
=CAT  \\$a5410$b40$c20230408$lBLL01$h1717
=CFI  0\$aCurrent copyright fee: GBP29.95$c22\1$e01-jan-2023$fGBP29.95$g0$hP$5Uk
=CFI  2\$aPrevious copyright fee: GBP34.00$c22\1$e01-jul-2018$fGBP34.00$g0$hP$5Uk
=EST  \\$a1
=FFP  \\$aY$bBLDSS-3PM
=FIN  \\$aY$d20120131
=MNI  \\$a0044-8435
=SID  \\$aZ39$bOCLC
=TCO  \\$aNLD$bSTICHTING REPRORECHT$c008
=TOC  \\$aETOC
=UNO  \\$aY
=ACF  \\$aPrevious copyright fee: GBP22.00$c22\3$e27-jan-2012$fGBP22.00$g0$hP$5Uk
=ACF  \\$aPrevious copyright fee: GBP22.00$c22\3$e12-aug-2012$fGBP22.00$g0$hP$5Uk
=ACF  \\$aPrevious copyright fee: GBP25.00$c22\3$e01-jan-2013$fGBP25.00$g0$hP$5Uk
=ACF  \\$aPrevious copyright fee: GBP25.77$c22\3$e01-jul-2013$fGBP25.77$g0$hP$5Uk
=ACF  \\$aPrevious copyright fee: GBP24.97$c22\3$e01-jan-2014$fGBP24.97$g0$hP$5Uk
=ACF  \\$aPrevious copyright fee: GBP24.21$c22\3$e01-jul-2014$fGBP24.21$g0$hP$5Uk
=ACF  \\$aPrevious copyright fee: GBP25.77$c22\3$e01-apr-2015$fGBP25.77$g0$hP$5Uk
=ACF  \\$aPrevious copyright fee: GBP26.63$c22\3$e01-jul-2015$fGBP26.63$g0$hP$5Uk
=ACF  \\$aPrevious copyright fee: GBP25.77$c22\3$e01-oct-2015$fGBP25.77$g0$hP$5Uk
=ACF  \\$aPrevious copyright fee: GBP27.55$c22\3$e01-apr-2016$fGBP27.55$g0$hP$5Uk
=ACF  \\$aPrevious copyright fee: GBP29.59$c22\3$e01-oct-2016$fGBP29.59$g0$hP$5Uk
=ACF  \\$aPrevious copyright fee: GBP31.96$c22\3$e01-apr-2017$fGBP31.96$g0$hP$5Uk
=ACF  \\$aPrevious copyright fee: GBP30.73$c22\3$e01-oct-2017$fGBP30.73$g0$hP$5Uk
=ACF  \\$aPrevious copyright fee: GBP28.54$c22\3$e01-apr-2018$fGBP28.54$g0$hP$5Uk
=LAS  \\$a5410$b40$c20230408$lBLL01$h1717

