=LDR  04916cas a2201105 a 4500
=001  016620346
=003  Uk
=005  20230410183523.0
=006  m\\\\\o\\d\\\\\\\\
=007  cr\|||||||||||
=008  980527c19639999gw\br\pso\\\\\0\\\a0eng\d
=FMT  \\$a  SE
=022  \\$a1878-6669
=035  \\$a(OCoLC)39183122
=040  \\$aOH1$beng$cOH1$dOCL$dOCLCQ$dOCLCS$dOCLCQ$dOCLCO$dOCLCF$dUk
=042  \\$aukblsr
=050  \4$aTS227$b.A183
=082  04$a671.52$223
=130  0\$aWelding in the world (Online)
=222  \0$aWelding in the world$b(Online)
=245  10$aWelding in the world$h[electronic resource] =$bLe soudage dans le monde.
=246  31$aSoudage dans le monde
=260  \\$aOxford ;$aNew York :$bPergamon
=264  21$32001-2012$a[Villepinte] :$bInternational Institute of Welding
=264  31$32013-$aBerlin :$bSpringer
=336  \\$atext$2rdacontent
=337  \\$acomputer$2rdamedia
=338  \\$aonline resource$2rdacarrier
=362  1\$aPrint began in 1963.
=530  \\$aAlso issued in print.
=538  \\$aMode of access: World Wide Web.
=546  \\$aPrint version published in English and French 1963-<1993>; text in English <1994>-
=550  \\$aJournal of the International Institute of Welding.
=588  \\$aDescription based on: Vol. 35, issue 1 (Jan. 2, 1995); title from general information screen (viewed May 21, 1998).
=588  \\$aLatest issue consulted: volume 58, issue 3 (May 2014) (SpringerLink, viewed May 15, 2014).
=540  \\$aCurrent copyright fee: GBP29.95$c22\1$5Uk
=650  \0$aWelding$vPeriodicals.
=710  2\$aInternational Institute of Welding,$eissuing body.
=776  1\$tWelding in the world$x0043-2288
=856  \\$31850-9999$uhttp://www.springer.com/gb/$xBLDSS
=856  4\$uhttp://rzblx1.uni-regensburg.de/ezeit/warpto.phtml?colors=7&jour%5Fid=15115
=856  40$ahttp://link.springer.com/journal/40194#
=859  \\$aXLD$bejournal
=852  41$aBritish Library$bDSC$j9293.200000$3Volume 46:Issue 9/10(2002)-Volume 62:Issue 2(2018)***See ESTAR for full holdings.
=945  \\$aWelding in the world -London-.
=959  \\$fHeld but not currently received
=979  \\$aBritish Library$bDSC$j9293.200000
=CAT  \\$a12654$b40$c20140204$lBLL01$h1430
=CAT  \\$aBATCH-UPD$b00$c20150219$lBLL01$h1745
=CAT  \\$aIPL-CLA$c20150331$lBLL01$h1727
=CAT  \\$aBATCH-UPD$b00$c20150520$lBLL01$h1752
=CAT  \\$aIPL-CLA$c20150630$lBLL01$h1722
=CAT  \\$aBATCH-UPD$b00$c20150820$lBLL01$h1840
=CAT  \\$aIPL-CLA$c20150930$lBLL01$h1851
=CAT  \\$aBATCH-UPD$b00$c20160217$lBLL01$h1730
=CAT  \\$aIPL-CLA$c20160331$lBLL01$h1814
=CAT  \\$aBATCH-UPD$b00$c20160524$lBLL01$h2215
=CAT  \\$aBATCH-UPD$b00$c20160525$lBLL01$h0057
=CAT  \\$aBATCH-UPD$b00$c20160824$lBLL01$h1757
=CAT  \\$aIPL-CLA$c20160930$lBLL01$h1640
=CAT  \\$aBATCH-UPD$b00$c20170216$lBLL01$h1845
=CAT  \\$aIPL-CLA$c20170331$lBLL01$h1919
=CAT  \\$aBATCH-UPD$b00$c20170904$lBLL01$h1854
=CAT  \\$aIPL-CLA$c20170929$lBLL01$h1804
=CAT  \\$aBATCH-UPD$b00$c20180223$lBLL01$h1727
=CAT  \\$aIPL-CLA$c20180331$lBLL01$h1708
=CAT  \\$aW1805-0475$c20180520$lBLL01$h1632
=CAT  \\$aBATCH-UPD$b00$c20180524$lBLL01$h1715
=CAT  \\$aIPL-CLA$c20180630$lBLL01$h1939
=CAT  \\$aW1908-0780$b00$c20200730$lBLL01$h1333
=CAT  \\$aCDS21$c20220118$lBLL01$h1105
=CAT  \\$aBATCH-UPD$b00$c20221121$lBLL01$h1406
=CAT  \\$aIPL-CLA$c20221231$lBLL01$h1452
=CAT  \\$a5410$b40$c20230410$lBLL01$h1835
=CFI  0\$aCurrent copyright fee: GBP29.95$c22\1$e01-jan-2023$fGBP29.95$g0$hP$5Uk
=CFI  2\$aPrevious copyright fee: GBP34.00$c22\1$e01-jul-2018$fGBP34.00$g0$hP$5Uk
=EST  \\$a1
=FFP  \\$aY$bBLDSS-3PM
=FIN  \\$aY$d20140515
=LKR  \\$aPAR$b011776261$lBLL01$nWelding in the world (Print)$mWelding in the world (Online)$r776
=MNI  \\$a0043-2288
=SID  \\$aZ39$bOCLC
=TOC  \\$aETOC
=UNO  \\$aY
=ACF  \\$aPrevious copyright fee: GBP24.97$c22\3$e04-feb-2014$fGBP24.97$g0$hP$5Uk
=ACF  \\$aPrevious copyright fee: GBP24.21$c22\3$e01-jul-2014$fGBP24.21$g0$hP$5Uk
=ACF  \\$aPrevious copyright fee: GBP25.77$c22\3$e01-apr-2015$fGBP25.77$g0$hP$5Uk
=ACF  \\$aPrevious copyright fee: GBP26.63$c22\3$e01-jul-2015$fGBP26.63$g0$hP$5Uk
=ACF  \\$aPrevious copyright fee: GBP25.77$c22\3$e01-oct-2015$fGBP25.77$g0$hP$5Uk
=ACF  \\$aPrevious copyright fee: GBP27.55$c22\3$e01-apr-2016$fGBP27.55$g0$hP$5Uk
=ACF  \\$aPrevious copyright fee: GBP29.59$c22\3$e01-oct-2016$fGBP29.59$g0$hP$5Uk
=ACF  \\$aPrevious copyright fee: GBP31.96$c22\3$e01-apr-2017$fGBP31.96$g0$hP$5Uk
=ACF  \\$aPrevious copyright fee: GBP30.73$c22\3$e01-oct-2017$fGBP30.73$g0$hP$5Uk
=ACF  \\$aPrevious copyright fee: GBP28.54$c22\3$e01-apr-2018$fGBP28.54$g0$hP$5Uk
=LAS  \\$a5410$b40$c20230410$lBLL01$h1835

