=LDR  05507cas a2201201 a 4500
=001  012431889
=003  Uk
=005  20221231144423.0
=006  m\\\\\\\\d\\\\\\\\
=007  cr||||||||||||
=008  040410d19742004au\br\p\s\\\\\0\\\a0ger\\
=FMT  \\$a  SE
=019  c\$a102013321
=022  \\$a1563-2571$y0303-8173
=040  \\$aUk$beng$cUk$dUk
=082  04$a616.005$222
=130  0\$aActa medica Austriaca (Online)
=222  \0$aActa medica Austriaca$b(Online)
=245  10$aActa medica Austriaca$h[electronic resource].
=246  13$aAMA
=260  \\$aOxford :$bBlackwell
=260  2\$a[Chichester] :$bWiley
=260  3\$aWien [Vienna] :$bSpringer Science + Media
=310  \\$aFive issues yearly
=336  \\$atext$2rdacontent
=337  \\$acomputer$2rdamedia
=338  \\$aonline resource$2rdacarrier
=362  1\$aPrint began in 1974 ; ceased with v. 31, issue 5 (2004).
=500  \\$aTitle from title screen via ESTAR.
=588  \\$aLatest issue consulted: Vol. 30, issue 2 (May 2003) (Wiley Online Library, viewed Jan. 19, 2011).
=540  \\$aCurrent copyright fee: GBP29.95$c22\1$5Uk
=650  \0$aClinical medicine$vPeriodicals.
=650  \0$aMedicine$vPeriodicals.
=776  0\$tActa medica Austriaca$x0303-8173
=856  \\$ahttp://estar.bl.uk/cgi-bin/sciserv.pl?collection=journals&journal=03038173
=856  \\$31850-9999$uhttp://www.springer.com/gb/$xBLDSS
=859  \\$aXLD$bejournal
=852  41$aBritish Library$bDSC$j0633.100000$3Volume 30:Part 2(2003)***See ESTAR for full holdings.
=945  \\$aActa medica Austriaca
=959  \\$fHeld but not currently received
=A02  \\$a102013321
=CAT  \\$aCONV$b00$c20040425$lBLL90$h0712
=CAT  \\$aBLDSS-3PM$b00$c20150103$lBLL01$h1043
=CAT  \\$aBATCH-UPD$b00$c20150219$lBLL01$h1804
=CAT  \\$aIPL-CLA$c20150331$lBLL01$h1633
=CAT  \\$aBATCH-UPD$b00$c20150520$lBLL01$h1805
=CAT  \\$aIPL-CLA$c20150630$lBLL01$h1642
=CAT  \\$aBATCH-UPD$b00$c20150820$lBLL01$h1850
=CAT  \\$aIPL-CLA$c20150930$lBLL01$h1800
=CAT  \\$aBATCH-UPD$b00$c20160217$lBLL01$h1743
=CAT  \\$aIPL-CLA$c20160331$lBLL01$h1721
=CAT  \\$aBATCH-UPD$b00$c20160524$lBLL01$h2209
=CAT  \\$aBATCH-UPD$b00$c20160525$lBLL01$h0011
=CAT  \\$aBATCH-UPD$b00$c20160824$lBLL01$h1809
=CAT  \\$aIPL-CLA$c20160930$lBLL01$h1558
=CAT  \\$aBATCH-UPD$b00$c20170216$lBLL01$h1858
=CAT  \\$aIPL-CLA$c20170331$lBLL01$h1840
=CAT  \\$aBATCH-UPD$b00$c20170904$lBLL01$h1909
=CAT  \\$aIPL-CLA$c20170929$lBLL01$h1724
=CAT  \\$aBATCH-UPD$b00$c20180223$lBLL01$h1742
=CAT  \\$aIPL-CLA$c20180331$lBLL01$h1615
=CAT  \\$aBATCH-UPD$b00$c20180524$lBLL01$h1727
=CAT  \\$aIPL-CLA$c20180630$lBLL01$h1914
=CAT  \\$aW1908-0780$b00$c20200730$lBLL01$h1323
=CAT  \\$aCDS21$c20220118$lBLL01$h1104
=CAT  \\$aBATCH-UPD$b00$c20221121$lBLL01$h1359
=CAT  \\$aIPL-CLA$c20221231$lBLL01$h1444
=CFI  0\$aCurrent copyright fee: GBP29.95$c22\1$e01-jan-2023$fGBP29.95$g0$hP$5Uk
=CFI  2\$aPrevious copyright fee: GBP34.00$c22\1$e01-jul-2018$fGBP34.00$g0$hP$5Uk
=EST  \\$a1
=FFP  \\$aY$bBLDSS-3PM
=FIN  \\$aY
=LEO  \\$aMP10.0000629159
=MNI  \\$a0303-8173
=SRC  \\$aDSS01$bbibmp10.200404.2.aa
=TCO  \\$aXXX$c008
=TOC  \\$aETOC
=UNO  \\$aY
=ACF  \\$aPrevious copyright fee: GBP21.25$c23\3$e01-jan-2009$fGBP21.25$g0$hP$5Uk
=ACF  \\$aPrevious copyright fee: GBP16.75$c23\3$e01-jan-2007$fGBP16.75$g0$hP$5Uk
=ACF  \\$aPrevious copyright fee: GBP16.22$c23\3$e01-oct-2006$fGBP16.22$g0$hP$5Uk
=ACF  \\$aPrevious copyright fee: GBP17.14$c23\3$e01-apr-2006$fGBP17.14$g0$hP$5Uk
=ACF  \\$aPrevious copyright fee: GBP16.67$c23\3$e01-jan-2006$fGBP16.67$g0$hP$5Uk
=ACF  \\$aPrevious copyright fee: GBP16.22$c23\3$e01-apr-2005$fGBP16.22$g0$hP$5Uk
=ACF  \\$aPrevious copyright fee: GBP16.67$c23\3$e01-jan-2005$fGBP16.67$g0$hP$5Uk
=ACF  \\$aPrevious copyright fee: GBP18.92$c23\3$e29-nov-2004$fGBP18.92$g0$hP$5Uk
=ACF  \\$aCurrent copyright fee: GBP15.00$c10\0$e01-apr-2004$fGBP15.00$g0$hP$5Uk
=ACF  \\$aCurrent copyright fee: GBP13.00$c10\0$e01-apr-2003$fGBP13.00$g0$hP$5Uk
=ACF  \\$aPrevious copyright fee: GBP22.00$c23\3$e01-apr-2009$fGBP22.00$g0$hP$5Uk
=ACF  \\$aPrevious copyright fee: GBP22.00$c23\3$e12-aug-2012$fGBP22.00$g0$hP$5Uk
=ACF  \\$aPrevious copyright fee: GBP25.00$c23\3$e01-jan-2013$fGBP25.00$g0$hP$5Uk
=ACF  \\$aPrevious copyright fee: GBP25.77$c23\3$e01-jul-2013$fGBP25.77$g0$hP$5Uk
=ACF  \\$aPrevious copyright fee: GBP24.97$c23\3$e01-jan-2014$fGBP24.97$g0$hP$5Uk
=ACF  \\$aPrevious copyright fee: GBP24.21$c23\3$e01-jul-2014$fGBP24.21$g0$hP$5Uk
=ACF  \\$aPrevious copyright fee: GBP25.77$c23\3$e01-apr-2015$fGBP25.77$g0$hP$5Uk
=ACF  \\$aPrevious copyright fee: GBP26.63$c23\3$e01-jul-2015$fGBP26.63$g0$hP$5Uk
=ACF  \\$aPrevious copyright fee: GBP25.77$c23\3$e01-oct-2015$fGBP25.77$g0$hP$5Uk
=ACF  \\$aPrevious copyright fee: GBP27.55$c23\3$e01-apr-2016$fGBP27.55$g0$hP$5Uk
=ACF  \\$aPrevious copyright fee: GBP29.59$c23\3$e01-oct-2016$fGBP29.59$g0$hP$5Uk
=ACF  \\$aPrevious copyright fee: GBP31.96$c23\3$e01-apr-2017$fGBP31.96$g0$hP$5Uk
=ACF  \\$aPrevious copyright fee: GBP30.73$c23\3$e01-oct-2017$fGBP30.73$g0$hP$5Uk
=ACF  \\$aPrevious copyright fee: GBP28.54$c23\3$e01-apr-2018$fGBP28.54$g0$hP$5Uk
=LAS  \\$aIPL-CLA$b00$c20221231$lBLL01$h1444

