=LDR  05141cas a2201141 i 4500
=001  014502265
=003  Uk
=005  20230319102932.0
=006  m\\\\\\\\d\\\\\\\\
=007  cr\|||||||||||
=008  080124c20079999cc\br\p\s\\\\\0\\\a0eng\\
=FMT  \\$a  SE
=022  0\$a1995-820X$y1674-0769
=040  \\$aUk$beng$cUk$erda
=042  \\$aukblsr
=082  04$a616.9101$223
=222  \0$aVirologica sinica$b(Online)
=245  00$aVirologica sinica.
=246  13$aZhongguo bingduxue
=264  \1$a[Beijing] :$b[Science Press],$c2007-
=264  31$32008-$a[China] :$bSpringer
=300  \\$billustrations (black and white, and colour)
=310  \\$aBimonthly
=336  \\$atext$2rdacontent
=337  \\$acomputer$2rdamedia
=338  \\$aonline resource$2rdacarrier
=362  0\$aVolume 22, issue 1 (February 2007)-
=500  \\$aTitle from journal home page (SpringerLink, viewed October 1, 2015).
=588  \\$aLatest issue consulted: volume 30, issue 4 (August 2015) (viewed October 1, 2015).
=580  \\$aPrint continues: Zhongguo bingduxue.
=540  \\$aCurrent copyright fee: GBP34.95$c22\1$5Uk
=650  \0$aVirology$vPeriodicals.
=710  2\$aZhongguo wei sheng wu xue hui,$eissuing body.
=776  08$iAlso issued in print as:$tVirologica Sinica
=856  40$ahttp://link.springer.com/journal/12250
=856  40$31850-9999$uhttp://www.springer.com/gb/$xBLDSS
=859  \\$aXLD$bejournal
=852  41$aBritish Library$bDSC$j9240.350002$3Volume 22:Issue 1(2007)-Volume 32:Issue 6(2017)***See ESTAR for full holdings.
=945  \\$aVirologica sinica -Springer-
=959  \\$fHeld but not currently received
=979  \\$aBritish Library$bDSC$j9240.350002
=985  \\$aCorrected by MS generated file for WR# 12.018
=985  \\$aCONFERENCE ANALYTIC &RECORDS EXIST
=CAT  \\$a7174$b40$c20080124$lBLL01$h1214
=CAT  \\$aBATCH-UPD$b00$c20150820$lBLL01$h1757
=CAT  \\$aIPL-CLA$c20150930$lBLL01$h1825
=CAT  \\$a8124$b40$c20151001$lBLL01$h1400
=CAT  \\$a8124$b40$c20151001$lBLL01$h1402
=CAT  \\$aBATCH-UPD$b40$c20160217$lBLL01$h1645
=CAT  \\$aIPL-CLA$c20160331$lBLL01$h1747
=CAT  \\$aBATCH-UPD$b00$c20160524$lBLL01$h2157
=CAT  \\$aBATCH-UPD$b00$c20160524$lBLL01$h2255
=CAT  \\$aBATCH-UPD$b00$c20160824$lBLL01$h1722
=CAT  \\$aIPL-CLA$c20160930$lBLL01$h1619
=CAT  \\$aBATCH-UPD$b00$c20170216$lBLL01$h1809
=CAT  \\$aIPL-CLA$c20170331$lBLL01$h1857
=CAT  \\$aBATCH-UPD$b00$c20170904$lBLL01$h1811
=CAT  \\$aIPL-CLA$c20170929$lBLL01$h1743
=CAT  \\$aBATCH-UPD$b00$c20180223$lBLL01$h1627
=CAT  \\$aIPL-CLA$c20180331$lBLL01$h1635
=CAT  \\$aW1805-0475$c20180520$lBLL01$h1632
=CAT  \\$aBATCH-UPD$b00$c20180524$lBLL01$h1659
=CAT  \\$aIPL-CLA$c20180630$lBLL01$h1925
=CAT  \\$aW1908-0780$b00$c20200730$lBLL01$h1331
=CAT  \\$a5552$b40$c20210824$lBLL01$h1200
=CAT  \\$aIPL-CLA$c20210930$lBLL01$h1528
=CAT  \\$aCDS21$c20220118$lBLL01$h1105
=CAT  \\$aBATCH-UPD$b00$c20221121$lBLL01$h1411
=CAT  \\$aIPL-CLA$c20221231$lBLL01$h1449
=CAT  \\$a5410$b40$c20230319$lBLL01$h1029
=CFI  0\$aCurrent copyright fee: GBP34.95$c22\1$e01-jan-2023$fGBP34.95$g0$hP$5Uk
=CFI  2\$aPrevious copyright fee: GBP43.00$c22\1$e01-oct-2021$fGBP43.00$g0$hP$5Uk
=EST  \\$a1
=FFP  \\$aY$bBLDSS-3PM
=FIN  \\$aY$d20151001
=LKR  \\$aPAR$b014613138$lBLL01$nVirologica Sinica = Zhongguo bingduxue (Print).$mVirologica sinica (Online)$r776
=MNI  \\$a1674-0769
=TCO  \\$aZZZ$c008
=TOC  \\$aETOC
=UNO  \\$aY
=ACF  \\$aPrevious copyright fee: GBP21.25$c13\5$e01-jan-2009$fGBP21.25$g0$hP$5Uk
=ACF  \\$aPrevious Copyright Fee: GBP16.75$c13\5$e24-jan-2008$fGBP16.75$g0$hP$5Uk
=ACF  \\$aPrevious copyright fee: GBP22.00$c13\5$e01-apr-2009$fGBP22.00$g0$hP$5Uk
=ACF  \\$aPrevious copyright fee: GBP22.00$c13\5$e12-aug-2012$fGBP22.00$g0$hP$5Uk
=ACF  \\$aPrevious copyright fee: GBP25.00$c13\5$e01-jan-2013$fGBP25.00$g0$hP$5Uk
=ACF  \\$aPrevious copyright fee: GBP25.77$c13\5$e01-jul-2013$fGBP25.77$g0$hP$5Uk
=ACF  \\$aPrevious copyright fee: GBP24.97$c13\5$e01-jan-2014$fGBP24.97$g0$hP$5Uk
=ACF  \\$aPrevious copyright fee: GBP24.21$c13\5$e01-jul-2014$fGBP24.21$g0$hP$5Uk
=ACF  \\$aPrevious copyright fee: GBP25.77$c13\5$e01-apr-2015$fGBP25.77$g0$hP$5Uk
=ACF  \\$aPrevious copyright fee: GBP26.63$c13\5$e01-jul-2015$fGBP26.63$g0$hP$5Uk
=ACF  \\$aPrevious copyright fee: GBP25.77$c13\5$e01-oct-2015$fGBP25.77$g0$hP$5Uk
=ACF  \\$aPrevious copyright fee: GBP27.55$c13\5$e01-apr-2016$fGBP27.55$g0$hP$5Uk
=ACF  \\$aPrevious copyright fee: GBP29.59$c13\5$e01-oct-2016$fGBP29.59$g0$hP$5Uk
=ACF  \\$aPrevious copyright fee: GBP31.96$c13\5$e01-apr-2017$fGBP31.96$g0$hP$5Uk
=ACF  \\$aPrevious copyright fee: GBP30.73$c13\5$e01-oct-2017$fGBP30.73$g0$hP$5Uk
=ACF  \\$aPrevious copyright fee: GBP28.54$c13\5$e01-apr-2018$fGBP28.54$g0$hP$5Uk
=ACF  \\$aPrevious copyright fee: GBP34.00$c22\1$e01-jul-2018$fGBP34.00$g0$hP$5Uk
=LAS  \\$a5410$b40$c20230319$lBLL01$h1029

