=LDR  06615cas a2201333 a 4500
=001  013097382
=003  Uk
=005  20221231144602.0
=006  m\\\\\\\\d\\\\\\\\
=007  cr\mnu||||||||
=008  010830c19889999gw\qr\p\o\\\\\0\\\a0eng\d
=FMT  \\$a  SE
=022  0\$a1613-9798$l0932-5026$y0932-5026
=030  \\$aSTPAE4
=035  \\$a(OCoLC)47885684$z(OCoLC)71365187
=040  \\$aOH1$beng$cOH1$dOCLCQ$dOCL$dOCLCQ$dVPI$dCUD$dOCLCQ$dUk
=041  0\$aeng$ager
=042  \\$aukblsr
=050  \4$aHA15$b.S7
=082  04$a519.505$223
=130  0\$aStatistical papers (Berlin, Germany : Online)
=222  \0$aStatistical papers$b(1988. Internet)
=245  10$aStatistical papers$h[electronic resource] =$bStatistische Hefte.
=246  31$aStatistische Hefte
=246  13$aStat papers
=260  \\$a[Berlin ;$aNew York] :$bSpringer-Verlag
=310  \\$aQuarterly
=336  \\$atext$2rdacontent
=337  \\$acomputer$2rdamedia
=338  \\$aonline resource$2rdacarrier
=362  1\$aPrint began with v. 29, no. 1 (1988).
=500  \\$aIssues for 1994- lack German title.
=530  \\$aAlso issued in print.
=546  \\$aChiefly English; some German.
=580  \\$aIncludes issues of earlier title: Statistische Hefte.
=588  \\$aDescription based on: Vol. 42, issue 1 (Jan. 11, 2001); title from general information screen (viewed Aug. 29, 2001).
=588  \\$aLatest issue consulted: vol. 53, no. 1 (Feb. 2012) (SpringerLink, viewed Mar. 20, 2012).
=540  \\$aCurrent copyright fee: GBP29.95$c22\1$5Uk
=650  \0$aStatistics$vPeriodicals.
=650  \6$aStatistique$vPériodiques.
=650  17$aStatistiek.$2gtt
=650  17$aStatistique.$2rasuqam
=655  \0$aElectronic journals.
=776  08$iPrint version:$tStatistical papers (Berlin, Germany)$x0932-5026
=780  00$tStatistische Hefte (Online)
=856  \\$31850-9999$uhttp://www.springer.com/gb/$xBLDSS
=856  40$uhttp://firstsearch.oclc.org$zAddress for accessing the journal using authorization number and password through OCLC FirstSearch Electronic Collections Online
=856  40$uhttp://firstsearch.oclc.org/journal=0932-5026;screen=info;ECOIP$zAddress for accessing the journal from an authorized IP address through OCLC FirstSearch Electronic Collections Online
=856  40$uhttp://rave.ohiolink.edu/ejournals/issn/09325026/$zConnect to Statistical papers (Berlin, Germany : Online)
=856  40$uhttp://www.springerlink.com/content/0932-5026/$zAccess via SpringerLink
=856  40$uhttp://search.proquest.com/publication/31177$zFull text available from ABI/INFORM Complete: 01/01/1999 to 1 year ago
=856  40$uhttp://search.ebscohost.com/direct.asp?db=bth&jid=72O&scope=site$zFull text available from Business Source Complete: 01/01/2000 to 1 year ago
=856  40$uhttp://www.springerlink.com/openurl.asp?genre=journal&issn=0932-5026$zFull text available from Springer Online Journal Archives (Through 1996): 01/12/1960 to 31/12/1996
=859  \\$aXLD$bejournal
=852  41$aBritish Library$bDSC$j8448.620000$3Volume 38:Number 3(1997)-Volume 59:Issue 1(2018)***See ESTAR for full holdings.
=945  \\$aStatistical papers -Berlin-
=959  \\$fHeld but not currently received
=979  \\$aBritish Library$bDSC$j8448.620000
=CAT  \\$a8335$b40$c20050131$lBLL01$h1301
=CAT  \\$aIPL-CLA$c20150331$lBLL01$h1638
=CAT  \\$aBATCH-UPD$b00$c20150520$lBLL01$h1750
=CAT  \\$aIPL-CLA$c20150630$lBLL01$h1646
=CAT  \\$aBATCH-UPD$b00$c20150820$lBLL01$h1837
=CAT  \\$aIPL-CLA$c20150930$lBLL01$h1806
=CAT  \\$aBATCH-UPD$b00$c20160217$lBLL01$h1727
=CAT  \\$aIPL-CLA$c20160331$lBLL01$h1727
=CAT  \\$aBATCH-UPD$b00$c20160524$lBLL01$h2210
=CAT  \\$aBATCH-UPD$b00$c20160525$lBLL01$h0020
=CAT  \\$aBATCH-UPD$b00$c20160824$lBLL01$h1755
=CAT  \\$aIPL-CLA$c20160930$lBLL01$h1603
=CAT  \\$aBATCH-UPD$b00$c20170216$lBLL01$h1843
=CAT  \\$aIPL-CLA$c20170331$lBLL01$h1844
=CAT  \\$aBATCH-UPD$b00$c20170904$lBLL01$h1851
=CAT  \\$aIPL-CLA$c20170929$lBLL01$h1729
=CAT  \\$aBATCH-UPD$b00$c20180223$lBLL01$h1720
=CAT  \\$aIPL-CLA$c20180331$lBLL01$h1620
=CAT  \\$aW1805-0475$c20180520$lBLL01$h1631
=CAT  \\$aBATCH-UPD$b00$c20180524$lBLL01$h1714
=CAT  \\$aIPL-CLA$c20180630$lBLL01$h1916
=CAT  \\$aW1908-0780$b00$c20200730$lBLL01$h1328
=CAT  \\$aCDS21$c20220118$lBLL01$h1105
=CAT  \\$aBATCH-UPD$b00$c20221121$lBLL01$h1400
=CAT  \\$a5410$b40$c20221207$lBLL01$h1305
=CAT  \\$aIPL-CLA$c20221231$lBLL01$h1446
=CFI  0\$aCurrent copyright fee: GBP29.95$c22\1$e01-jan-2023$fGBP29.95$g0$hP$5Uk
=CFI  2\$aPrevious copyright fee: GBP34.00$c22\1$e01-jul-2018$fGBP34.00$g0$hP$5Uk
=EST  \\$a1
=FFP  \\$aY$bBLDSS-3PM
=FIN  \\$aY$d20120320
=LKR  \\$aPAR$b010499855$lBLL01$r776$mStatistical papers (Online)$nStatistical papers (Print)
=MNI  \\$a0932-5026
=SID  \\$aZ39$bOCLC
=TCO  \\$aZZZ$c008
=TCO  \\$aDEU$bVG WORT$c008
=TOC  \\$aETOC
=UNO  \\$aY
=ACF  \\$aPrevious copyright fee: GBP16.67$c22\3$e01-jan-2006$fGBP16.67$g0$hP$5Uk
=ACF  \\$aPrevious copyright fee: GBP16.22$c22\3$e01-apr-2005$fGBP16.22$g0$hP$5Uk
=ACF  \\$aPrevious copyright fee: GBP16.67$c22\3$e01-jan-2005$fGBP16.67$g0$hP$5Uk
=ACF  \\$aPrevious copyright fee: GBP17.14$c22\3$e01-apr-2006$fGBP17.14$g0$hP$5Uk
=ACF  \\$aPrevious copyright fee: GBP22.00$c22\3$e12-aug-2012$fGBP22.00$g0$hP$5Uk
=ACF  \\$aPrevious copyright fee: GBP25.00$c22\3$e01-jan-2013$fGBP25.00$g0$hP$5Uk
=ACF  \\$aPrevious copyright fee: GBP25.77$c22\3$e01-jul-2013$fGBP25.77$g0$hP$5Uk
=ACF  \\$aPrevious copyright fee: GBP24.97$c22\3$e01-jan-2014$fGBP24.97$g0$hP$5Uk
=ACF  \\$aPrevious copyright fee: GBP24.21$c22\3$e01-jul-2014$fGBP24.21$g0$hP$5Uk
=ACF  \\$aPrevious copyright fee: GBP25.77$c22\3$e01-apr-2015$fGBP25.77$g0$hP$5Uk
=ACF  \\$aPrevious copyright fee: GBP26.63$c22\3$e01-jul-2015$fGBP26.63$g0$hP$5Uk
=ACF  \\$aPrevious copyright fee: GBP25.77$c22\3$e01-oct-2015$fGBP25.77$g0$hP$5Uk
=ACF  \\$aPrevious copyright fee: GBP27.55$c22\3$e01-apr-2016$fGBP27.55$g0$hP$5Uk
=ACF  \\$aPrevious copyright fee: GBP29.59$c22\3$e01-oct-2016$fGBP29.59$g0$hP$5Uk
=ACF  \\$aPrevious copyright fee: GBP31.96$c22\3$e01-apr-2017$fGBP31.96$g0$hP$5Uk
=ACF  \\$aPrevious copyright fee: GBP30.73$c22\3$e01-oct-2017$fGBP30.73$g0$hP$5Uk
=ACF  \\$aPrevious copyright fee: GBP28.54$c22\3$e01-apr-2018$fGBP28.54$g0$hP$5Uk
=LAS  \\$aIPL-CLA$b00$c20221231$lBLL01$h1446

