=LDR  05688cas a2201201 a 4500
=001  013181669
=003  Uk
=005  20230430123544.0
=006  m\\\\\\\\d\\\\\\\\
=007  cr\mnu||||||||
=008  000114c19999999gw\bx\pss\\\\\0\\\\0eng\d
=FMT  \\$a  SE
=010  \\$a2004233664
=022  \\$a1437-3262$y1437-3254
=035  \\$a(OCoLC)43289757
=040  \\$aPIT$cPIT$dOCLCQ$dTWT$dGUA$dMUQ$dOCL$dVRC$dOCLCQ$dUk
=042  \\$alcd$aukblsr
=050  14$aQE1
=082  04$a550$222
=130  0\$aInternational journal of earth sciences (Online)
=222  \0$aInternational journal of earth sciences$b(1999. Internet)
=245  10$aInternational journal of earth sciences$h[electronic resource].
=260  \\$aHeidelberg :$bSpringer-Verlag
=310  \\$aBimonthly,$b2002-
=321  \\$aFour no. a year,$b1999-2000
=321  \\$a5 no. a year,$b2001
=336  \\$atext$2rdacontent
=337  \\$acomputer$2rdamedia
=338  \\$aonline resource$2rdacarrier
=362  0\$aVol. 88, no. 1 (May 1999)-
=500  \\$aTitle from contents screen (Springer LINK, viewed May 7, 2004).
=500  \\$aLatest issue consulted: Vol. 93, no. 2 (Apr. 2004),(viewed May 7, 2004).
=525  \\$aSupplements accompany some issues.
=538  \\$aMode of access: World Wide Web.
=580  \\$aIncludes issues of earlier title: Geologische Rundschau (Online).
=540  \\$aCurrent copyright fee: GBP29.95$c22\1$5Uk
=650  \0$aGeology$vPeriodicals.
=776  08$iPrint version:$tInternational journal of earth sciences$x1437-3254
=780  10$tGeologische Rundschau (Online)$x1432-1149
=856  \\$31850-9999$uhttp://www.springer.com/gb/$xBLDSS
=856  40$uhttp://www.springerlink.com/link.asp?id=103695$zIncludes issues of earlier title: Geologische Rundschau (Online)
=856  40$uhttp://www.springerlink.com/openurl.asp?genre=journal&eissn=1437-3262$zIncludes issues of earlier title: Geologische Rundschau (Online)
=859  \\$aXLD$bejournal
=852  \\$aBritish Library$bDSC$j4542.194000$3Volume 89:Issue 4(2001)-Volume 107:Issue 3(2018)***See ESTAR for full holdings.
=945  \\$aINTERNATIONAL JOURNAL OF EARTH SCIENCES.
=959  \\$fHeld but not currently received
=979  \\$aBritish Library$bDSC$j4542.194000
=985  \\$aCONFERENCE ANALYTIC RECORDS EXIST
=CAT  \\$a7174$b40$c20050420$lBLL01$h1459
=CAT  \\$aIPL-CLA$c20150331$lBLL01$h1639
=CAT  \\$aBATCH-UPD$b00$c20150520$lBLL01$h1750
=CAT  \\$aIPL-CLA$c20150630$lBLL01$h1647
=CAT  \\$aBATCH-UPD$b00$c20150820$lBLL01$h1837
=CAT  \\$aIPL-CLA$c20150930$lBLL01$h1807
=CAT  \\$aBATCH-UPD$b00$c20160217$lBLL01$h1727
=CAT  \\$aIPL-CLA$c20160331$lBLL01$h1728
=CAT  \\$aBATCH-UPD$b00$c20160518$lBLL01$h1349
=CAT  \\$aBATCH-UPD$b00$c20160524$lBLL01$h2210
=CAT  \\$aBATCH-UPD$b00$c20160824$lBLL01$h1755
=CAT  \\$aIPL-CLA$c20160930$lBLL01$h1604
=CAT  \\$aBATCH-UPD$b00$c20170216$lBLL01$h1843
=CAT  \\$aIPL-CLA$c20170331$lBLL01$h1845
=CAT  \\$aBATCH-UPD$b00$c20170904$lBLL01$h1852
=CAT  \\$aIPL-CLA$c20170929$lBLL01$h1729
=CAT  \\$aBATCH-UPD$b00$c20180223$lBLL01$h1720
=CAT  \\$aIPL-CLA$c20180331$lBLL01$h1621
=CAT  \\$aW1805-0475$c20180520$lBLL01$h1632
=CAT  \\$aBATCH-UPD$b00$c20180524$lBLL01$h1714
=CAT  \\$aIPL-CLA$c20180630$lBLL01$h1917
=CAT  \\$aW1908-0780$b00$c20200730$lBLL01$h1329
=CAT  \\$aCDS21$c20220118$lBLL01$h1105
=CAT  \\$aBATCH-UPD$b00$c20221121$lBLL01$h1400
=CAT  \\$aIPL-CLA$c20221231$lBLL01$h1446
=CAT  \\$a5410$b40$c20230430$lBLL01$h1235
=CFI  0\$aCurrent copyright fee: GBP29.95$c22\1$e01-jan-2023$fGBP29.95$g0$hP$5Uk
=CFI  2\$aPrevious copyright fee: GBP34.00$c22\1$e01-jul-2018$fGBP34.00$g0$hP$5Uk
=EST  \\$a1
=FFP  \\$aY$bBLDSS-3PM
=FIN  \\$aY$d20100302
=LKR  \\$aPAR$b009858414$lBLL01$r776$mInternational journal of earth sciences (Online)$nInternational journal of earth sciences (Print)
=LKR  \\$aPAR$b013089675$lBLL01$r78000$mInternational journal of earth sciences (Online)$nGeologische rundschau (Online)
=MNI  \\$a1437-3254
=SID  \\$aZ39$bOCLC
=TCO  \\$aDEU$bVG WORT$c008
=TOC  \\$aETOC
=UNO  \\$aY
=ACF  \\$aPrevious copyright fee: GBP16.67$c22\3$e01-jan-2006$fGBP16.67$g0$hP$5Uk
=ACF  \\$aPrevious copyright fee: GBP16.22$c22\3$e01-apr-2005$fGBP16.22$g0$hP$5Uk
=ACF  \\$aPrevious copyright fee: GBP17.14$c22\3$e01-apr-2006$fGBP17.14$g0$hP$5Uk
=ACF  \\$aPrevious copyright fee: GBP22.00$c22\3$e12-aug-2012$fGBP22.00$g0$hP$5Uk
=ACF  \\$aPrevious copyright fee: GBP25.00$c22\3$e01-jan-2013$fGBP25.00$g0$hP$5Uk
=ACF  \\$aPrevious copyright fee: GBP25.77$c22\3$e01-jul-2013$fGBP25.77$g0$hP$5Uk
=ACF  \\$aPrevious copyright fee: GBP24.97$c22\3$e01-jan-2014$fGBP24.97$g0$hP$5Uk
=ACF  \\$aPrevious copyright fee: GBP24.21$c22\3$e01-jul-2014$fGBP24.21$g0$hP$5Uk
=ACF  \\$aPrevious copyright fee: GBP25.77$c22\3$e01-apr-2015$fGBP25.77$g0$hP$5Uk
=ACF  \\$aPrevious copyright fee: GBP26.63$c22\3$e01-jul-2015$fGBP26.63$g0$hP$5Uk
=ACF  \\$aPrevious copyright fee: GBP25.77$c22\3$e01-oct-2015$fGBP25.77$g0$hP$5Uk
=ACF  \\$aPrevious copyright fee: GBP27.55$c22\3$e01-apr-2016$fGBP27.55$g0$hP$5Uk
=ACF  \\$aPrevious copyright fee: GBP29.59$c22\3$e01-oct-2016$fGBP29.59$g0$hP$5Uk
=ACF  \\$aPrevious copyright fee: GBP31.96$c22\3$e01-apr-2017$fGBP31.96$g0$hP$5Uk
=ACF  \\$aPrevious copyright fee: GBP30.73$c22\3$e01-oct-2017$fGBP30.73$g0$hP$5Uk
=ACF  \\$aPrevious copyright fee: GBP28.54$c22\3$e01-apr-2018$fGBP28.54$g0$hP$5Uk
=LAS  \\$a5410$b40$c20230430$lBLL01$h1235

