=LDR  04678cas a2201045 i 4500
=001  016623449
=003  Uk
=005  20230410184741.0
=006  m\\\\\\\\d\\\\\\\\
=007  cr\|||||||||||
=008  140206c19689999ko\mr\p\s\\\\\0\\\a0eng\\
=FMT  \\$a  SE
=022  \\$a1976-8524$y0374-4884
=040  \\$aUk$beng$cUk$erda
=042  \\$aukblsr
=082  04$a530.05$223
=222  \0$aJournal of the Korean Physical Society$b(Online)
=245  04$aThe journal of the Korean Physical Society.
=246  13$iAlso known as:$aJKPS
=264  \1$aSeoul, Korea :$bKorean Physical Society,$c1968-
=264  31$a[Seoul] :$bSpringer
=300  \\$billustrations (black and white, and colour)
=310  \\$aMonthly
=336  \\$atext$2rdacontent
=337  \\$acomputer$2rdamedia
=338  \\$aonline resource$2rdacarrier
=362  1\$aPrint began with: Vol. 1, no. 1 (Mar. 1968).
=588  \\$aDescription based on print version record.
=588  \\$aLatest issue consulted: volume 64, number 9 (May 2014) (SpringerLink, viewed May 27, 2014).
=538  \\$aMode of access: World Wide Web.
=540  \\$aCurrent copyright fee: GBP29.95$c22\1$5Uk
=650  \0$aPhysics$vPeriodicals.
=710  2\$aHan'guk Mulli Hakhoe,$eissuing body.
=776  08$iAlso issued in print as:$tJournal of the Korean Physical Society$x0374-4884
=856  \\$31850-9999$uhttp://www.springer.com/gb/$xBLDSS
=856  40$uhttp://jkps.kps.or.kr/home/journal/library/early.asp?globalmenu=3&localmenu=11$zIssues for 1968-2011
=856  40$uhttp://link.springer.com/journal/40042$zIssues for 2012-
=859  \\$aXLD$bejournal
=852  41$aBritish Library$bDSC$j4812.342000$3Volume 62:Issue 5(2013)-Volume 72:Issue 5(2018)***See ESTAR for full holdings.
=945  \\$aJournal- Korean physical society.
=959  \\$fHeld but not currently received
=979  \\$aBritish Library$bDSC$j4812.342000
=CAT  \\$a12654$b40$c20140206$lBLL01$h0933
=CAT  \\$aBATCH-UPD$b00$c20150219$lBLL01$h1745
=CAT  \\$aIPL-CLA$c20150331$lBLL01$h1727
=CAT  \\$aBATCH-UPD$b00$c20150520$lBLL01$h1752
=CAT  \\$aIPL-CLA$c20150630$lBLL01$h1722
=CAT  \\$aBATCH-UPD$b00$c20150820$lBLL01$h1840
=CAT  \\$aIPL-CLA$c20150930$lBLL01$h1851
=CAT  \\$aBATCH-UPD$b00$c20160217$lBLL01$h1730
=CAT  \\$aIPL-CLA$c20160331$lBLL01$h1814
=CAT  \\$aBATCH-UPD$b00$c20160524$lBLL01$h2215
=CAT  \\$aBATCH-UPD$b00$c20160525$lBLL01$h0058
=CAT  \\$aBATCH-UPD$b00$c20160824$lBLL01$h1757
=CAT  \\$aIPL-CLA$c20160930$lBLL01$h1640
=CAT  \\$aBATCH-UPD$b00$c20170216$lBLL01$h1845
=CAT  \\$aIPL-CLA$c20170331$lBLL01$h1919
=CAT  \\$aBATCH-UPD$b00$c20170904$lBLL01$h1854
=CAT  \\$aIPL-CLA$c20170929$lBLL01$h1804
=CAT  \\$aBATCH-UPD$b00$c20180223$lBLL01$h1727
=CAT  \\$aIPL-CLA$c20180331$lBLL01$h1708
=CAT  \\$aW1805-0475$c20180520$lBLL01$h1632
=CAT  \\$aBATCH-UPD$b00$c20180524$lBLL01$h1715
=CAT  \\$aIPL-CLA$c20180630$lBLL01$h1939
=CAT  \\$aW1908-0780$b00$c20200730$lBLL01$h1333
=CAT  \\$aCDS21$c20220118$lBLL01$h1105
=CAT  \\$aBATCH-UPD$b00$c20221121$lBLL01$h1406
=CAT  \\$aIPL-CLA$c20221231$lBLL01$h1452
=CAT  \\$a5410$b40$c20230410$lBLL01$h1847
=CFI  0\$aCurrent copyright fee: GBP29.95$c22\1$e01-jan-2023$fGBP29.95$g0$hP$5Uk
=CFI  2\$aPrevious copyright fee: GBP34.00$c22\1$e01-jul-2018$fGBP34.00$g0$hP$5Uk
=EST  \\$a1
=FFP  \\$aY$bBLDSS-3PM
=FIN  \\$aY$d20140527
=LET  \0$aJournal of the Korean Physical Society (Online)
=LKR  \\$aPAR$b010486144$lBLL01$nJournal of the Korean Physical Society (Print)$mJournal of the Korean Physical Society (Online)$r776
=MNI  \\$a0374-4884
=TOC  \\$aETOC
=UNO  \\$aY
=ACF  \\$aPrevious copyright fee: GBP24.97$c22\3$e06-feb-2014$fGBP24.97$g0$hP$5Uk
=ACF  \\$aPrevious copyright fee: GBP24.21$c22\3$e01-jul-2014$fGBP24.21$g0$hP$5Uk
=ACF  \\$aPrevious copyright fee: GBP25.77$c22\3$e01-apr-2015$fGBP25.77$g0$hP$5Uk
=ACF  \\$aPrevious copyright fee: GBP26.63$c22\3$e01-jul-2015$fGBP26.63$g0$hP$5Uk
=ACF  \\$aPrevious copyright fee: GBP25.77$c22\3$e01-oct-2015$fGBP25.77$g0$hP$5Uk
=ACF  \\$aPrevious copyright fee: GBP27.55$c22\3$e01-apr-2016$fGBP27.55$g0$hP$5Uk
=ACF  \\$aPrevious copyright fee: GBP29.59$c22\3$e01-oct-2016$fGBP29.59$g0$hP$5Uk
=ACF  \\$aPrevious copyright fee: GBP31.96$c22\3$e01-apr-2017$fGBP31.96$g0$hP$5Uk
=ACF  \\$aPrevious copyright fee: GBP30.73$c22\3$e01-oct-2017$fGBP30.73$g0$hP$5Uk
=ACF  \\$aPrevious copyright fee: GBP28.54$c22\3$e01-apr-2018$fGBP28.54$g0$hP$5Uk
=LAS  \\$a5410$b40$c20230410$lBLL01$h1847

