=LDR  04837cas a2201069 i 4500
=001  016800054
=003  Uk
=005  20230415130451.0
=006  m\\\\\o\\d\\\\\\\\
=007  cr\|||||||||||
=008  120808c20129999cc\mr\p\o\\\\\0\\\a0eng\c
=FMT  \\$a  SE
=010  \\$a  2014268602
=022  \\$a2227-5223$l2227-5223
=035  \\$a(OCoLC)805421275
=040  \\$aOH1$beng$cOCoLC-P$dOCoLC-P$dTxCM$dOCLCF$dWaSeSS$dUk$erda
=042  \\$aukblsr
=050  \4$aTN600$b.C513
=082  04$a622$223
=210  1\$aJ. Cent. South Univ.$b(Online)
=222  \0$aJournal of Central South University$b(Online)
=245  00$aJournal of Central South University.
=246  11$6880-01$aZhong nan da xue xue bao (Ying wen ban)
=264  \1$a[Changsha, Hunan] :$bCentral South University :$bSpringer,$c[2012]-
=310  \\$aMonthly
=336  \\$atext$2rdacontent
=337  \\$acomputer$2rdamedia
=338  \\$aonline resource$2rdacarrier
=362  1\$aBegan with Volume 19, issue 1 (January 2012).
=588  \\$aDescription based on: Volume 19, issue 1 (January 2012); title from journal information screen (SpringerLink, viewed April 23, 2014).
=588  \\$aLatest issue consulted: volume 21, issue 9 (September 2014) (viewed September 30, 2014).
=540  \\$aCurrent copyright fee: GBP29.95$c22\1$5Uk
=650  \0$aMining engineering$vPeriodicals.
=650  \0$aMetallurgy$vPeriodicals.
=710  2\$aZhong nan da xue,$esponsoring body.
=776  08$iPrint version:$tJournal of Central South University$x2095-2899
=780  00$tJournal of Central South University of Technology. Science & technology of mining and metallurgy.$x1993-0666
=880  11$6246-01/{dollar}1$a中南大学学报(英文版)
=856  \\$31850-9999$uhttp://www.springer.com/gb/$xBLDSS
=856  40$uhttp://link.springer.com/journal/volumesAndIssues/11771$zOn same with issues of later title
=859  \\$aXLD$bejournal
=852  41$aBritish Library$bDSC$j4724.354000$3Volume 19:Issue 1(2012)-Volume 25:Issue 2(2018)***See ESTAR for full holdings.
=945  \\$aJournal- Central South University.
=959  \\$fHeld but not currently received
=979  \\$aBritish Library$bDSC$j4724.354000
=CAT  \\$a12654$b40$c20140728$lBLL01$h1223
=CAT  \\$aIPL-CLA$c20150331$lBLL01$h1729
=CAT  \\$aBATCH-UPD$b00$c20150520$lBLL01$h1708
=CAT  \\$aIPL-CLA$c20150630$lBLL01$h1723
=CAT  \\$aBATCH-UPD$b00$c20150820$lBLL01$h1757
=CAT  \\$aBATCH-UPD$b00$c20150820$lBLL01$h1838
=CAT  \\$aIPL-CLA$c20150930$lBLL01$h1852
=CAT  \\$aBATCH-UPD$b00$c20160217$lBLL01$h1645
=CAT  \\$aIPL-CLA$c20160331$lBLL01$h1816
=CAT  \\$aBATCH-UPD$b00$c20160524$lBLL01$h2200
=CAT  \\$aBATCH-UPD$b00$c20160524$lBLL01$h2307
=CAT  \\$aBATCH-UPD$b00$c20160824$lBLL01$h1722
=CAT  \\$aIPL-CLA$c20160930$lBLL01$h1642
=CAT  \\$aBATCH-UPD$b00$c20170216$lBLL01$h1809
=CAT  \\$aIPL-CLA$c20170331$lBLL01$h1920
=CAT  \\$aBATCH-UPD$b00$c20170904$lBLL01$h1811
=CAT  \\$aIPL-CLA$c20170929$lBLL01$h1805
=CAT  \\$aBATCH-UPD$b00$c20180223$lBLL01$h1628
=CAT  \\$aIPL-CLA$c20180331$lBLL01$h1709
=CAT  \\$aW1805-0475$c20180520$lBLL01$h1632
=CAT  \\$aBATCH-UPD$b00$c20180524$lBLL01$h1659
=CAT  \\$aIPL-CLA$c20180630$lBLL01$h1940
=CAT  \\$aW1908-0780$b00$c20200730$lBLL01$h1333
=CAT  \\$aCDS21$c20220118$lBLL01$h1105
=CAT  \\$aBATCH-UPD$b00$c20221121$lBLL01$h1406
=CAT  \\$aIPL-CLA$c20221231$lBLL01$h1452
=CAT  \\$a5410$b40$c20230415$lBLL01$h1304
=CFI  0\$aCurrent copyright fee: GBP29.95$c22\1$e01-jan-2023$fGBP29.95$g0$hP$5Uk
=CFI  2\$aPrevious copyright fee: GBP34.00$c22\1$e01-jul-2018$fGBP34.00$g0$hP$5Uk
=EST  \\$a1
=FFP  \\$aY$bBLDSS-3PM
=FIN  \\$aY$d20140930
=LKR  \\$aPAR$b013647731$lBLL01$nJournal of Central South University of Technology$mJournal of Central South University$r78000
=MNI  \\$a2095-2899
=SRC  \\$aBLL02
=TOC  \\$aETOC
=UNO  \\$aY
=ACF  \\$aPrevious copyright fee: GBP24.21$c13\5$e28-jul-2014$fGBP24.21$g0$hP$5Uk
=ACF  \\$aPrevious copyright fee: GBP25.77$c13\5$e01-apr-2015$fGBP25.77$g0$hP$5Uk
=ACF  \\$aPrevious copyright fee: GBP26.63$c13\5$e01-jul-2015$fGBP26.63$g0$hP$5Uk
=ACF  \\$aPrevious copyright fee: GBP25.77$c13\5$e01-oct-2015$fGBP25.77$g0$hP$5Uk
=ACF  \\$aPrevious copyright fee: GBP27.55$c13\5$e01-apr-2016$fGBP27.55$g0$hP$5Uk
=ACF  \\$aPrevious copyright fee: GBP29.59$c13\5$e01-oct-2016$fGBP29.59$g0$hP$5Uk
=ACF  \\$aPrevious copyright fee: GBP31.96$c13\5$e01-apr-2017$fGBP31.96$g0$hP$5Uk
=ACF  \\$aPrevious copyright fee: GBP30.73$c13\5$e01-oct-2017$fGBP30.73$g0$hP$5Uk
=ACF  \\$aPrevious copyright fee: GBP28.54$c13\5$e01-apr-2018$fGBP28.54$g0$hP$5Uk
=LAS  \\$a5410$b40$c20230415$lBLL01$h1304

