=LDR  06047cas a2201309 a 4500
=001  013747385
=003  Uk
=005  20230421201859.0
=006  m\\\\fo\\d\\\\\\\\
=007  cr\|||||||||||
=008  010316c20019999paubr\p\o\\\\\0\\\a0eng\c
=FMT  \\$a  SE
=010  \\$a2001212051
=022  0\$a1534-3081$l1534-3081$21
=035  \\$a(OCoLC)46464558$z(OCoLC)524517242$z(OCoLC)740957335
=040  \\$aNSD$beng$cNSD$dOCLCQ$dPFM$dOCLCQ$dMYG$dTXA$dCSU$dCCO$dOCLCQ$dUk
=042  \\$ansdp$aukblsr
=050  14$aRC392$b.C885
=060  00$aW1$bCU8093E
=082  04$a616.0472$223
=130  0\$aCurrent pain and headache reports (Online)
=210  0\$aCurr. pain headache rep.$b(Online)
=222  \0$aCurrent pain and headache reports$b(Online)
=245  10$aCurrent pain and headache reports$h[electronic resource].
=246  3\$aCurr pain headache rep
=260  \\$32001-2006 :$aPhiladelphia, PA :$bCurrent Science,$cc2001-
=260  2\$32007-2009 :$a[Philadelphia, PA] :$bCurrent Medicine Group LLC
=260  3\$32010- :$a[Philadelphia, PA] :$bSpringer Science+Business Media, LLC
=310  \\$aBimonthly
=336  \\$atext$2rdacontent
=337  \\$acomputer$2rdamedia
=338  \\$aonline resource$2rdacarrier
=362  1\$aBegan with: Vol. 5, no. 1 (Feb. 2001).
=538  \\$aMode of access: World Wide Web.
=588  \\$aDescription based on: Vol. 5, no. 1 (Feb. 2001); title from copyrights statement (SpringerLink, viewed Apr. 25, 2012).
=588  \\$aLatest issue consulted: volume 17, issue 12 (December 2013)(SpringerLink, viewed Nov. 12, 2013).
=540  \\$aCurrent copyright fee: GBP34.95$c22\1$5Uk
=650  \0$aHeadache$vPeriodicals.
=650  \0$aPain$vPeriodicals.
=650  12$aHeadache$vPeriodicals.
=650  12$aPain$vPeriodicals.
=650  \6$aCéphalée$vPériodiques.
=650  \6$aDouleur$vPériodiques.
=655  \0$aElectronic journals.
=655  \4$aComputer network resources.
=776  08$iPrint version:$tCurrent pain and headache reports$x1531-3433
=780  00$tCurrent review of pain (Online)
=856  \\$31850-9999$uhttp://www.springer.com/gb/$xBLDSS
=856  40$uhttp://www.current-reports.com/pa$zLink no longer valid as of Apr. 23, 2012
=856  40$uhttp://www.springerlink.com/content/1531-3433$zOn same site with issues of earlier title
=859  \\$aXLD$bejournal
=852  41$aBritish Library$bDSC$j3500.950000$3Volume 5:Issue 1(2001)-Volume 22:Issue 4(2018)***See ESTAR for full holdings.
=945  \\$aCurrent pain and headache reports
=959  \\$fHeld but not currently received
=979  \\$aBritish Library$bDSC$j3500.950000
=CAT  \\$a7174$b40$c20070516$lBLL01$h1049
=CAT  \\$aBATCH-UPD$b00$c20150520$lBLL01$h1712
=CAT  \\$aIPL-CLA$c20150630$lBLL01$h1655
=CAT  \\$aBATCH-UPD$b00$c20150820$lBLL01$h1800
=CAT  \\$aIPL-CLA$c20150930$lBLL01$h1817
=CAT  \\$aBATCH-UPD$b00$c20160217$lBLL01$h1648
=CAT  \\$aIPL-CLA$c20160331$lBLL01$h1740
=CAT  \\$aBATCH-UPD$b00$c20160524$lBLL01$h2157
=CAT  \\$aBATCH-UPD$b00$c20160524$lBLL01$h2252
=CAT  \\$aBATCH-UPD$b00$c20160824$lBLL01$h1726
=CAT  \\$aIPL-CLA$c20160930$lBLL01$h1612
=CAT  \\$aBATCH-UPD$b00$c20170216$lBLL01$h1813
=CAT  \\$aIPL-CLA$c20170331$lBLL01$h1852
=CAT  \\$aBATCH-UPD$b00$c20170904$lBLL01$h1816
=CAT  \\$aIPL-CLA$c20170929$lBLL01$h1737
=CAT  \\$aBATCH-UPD$b00$c20180223$lBLL01$h1633
=CAT  \\$aIPL-CLA$c20180331$lBLL01$h1629
=CAT  \\$aW1805-0475$c20180520$lBLL01$h1632
=CAT  \\$aBATCH-UPD$b00$c20180524$lBLL01$h1703
=CAT  \\$aIPL-CLA$c20180630$lBLL01$h1921
=CAT  \\$aW1908-0780$b00$c20200730$lBLL01$h1330
=CAT  \\$a5552$b40$c20210811$lBLL01$h0815
=CAT  \\$aIPL-CLA$c20210930$lBLL01$h1528
=CAT  \\$aCDS21$c20220118$lBLL01$h1105
=CAT  \\$aBATCH-UPD$b00$c20221121$lBLL01$h1411
=CAT  \\$aIPL-CLA$c20221231$lBLL01$h1448
=CAT  \\$a5410$b40$c20230421$lBLL01$h2018
=CFI  0\$aCurrent copyright fee: GBP34.95$c22\1$e01-jan-2023$fGBP34.95$g0$hP$5Uk
=CFI  2\$aPrevious copyright fee: GBP43.00$c22\1$e01-oct-2021$fGBP43.00$g0$hP$5Uk
=EST  \\$a1
=FFP  \\$aY$bBLDSS-3PM
=FIN  \\$aY$d20131112
=LKR  \\$aPAR$b007160335$lBLL01$r776$mCurrent pain and headache reports (Online)$nCurrent pain and headache reports (Print).
=MNI  \\$a1531-3433
=SID  \\$aZ39$bOCLC
=TCO  \\$aTRS$bCCC$c008
=TCO  \\$aCLA$bCLA$c008
=TOC  \\$aETOC
=UNO  \\$aY
=ACF  \\$aPrevious copyright fee: GBP21.25$c13\8$e01-jan-2009$fGBP21.25$g0$hP$5Uk
=ACF  \\$aPrevious Copyright Fee: GBP16.75$c13\8$e16-may-2007$fGBP16.75$g0$hP$5Uk
=ACF  \\$aPrevious copyright fee: GBP22.00$c13\8$e01-apr-2009$fGBP22.00$g0$hP$5Uk
=ACF  \\$aPrevious copyright fee: GBP22.00$c13\8$e12-aug-2012$fGBP22.00$g0$hP$5Uk
=ACF  \\$aPrevious copyright fee: GBP25.00$c13\8$e01-jan-2013$fGBP25.00$g0$hP$5Uk
=ACF  \\$aPrevious copyright fee: GBP25.77$c13\8$e01-jul-2013$fGBP25.77$g0$hP$5Uk
=ACF  \\$aPrevious copyright fee: GBP24.97$c13\8$e01-jan-2014$fGBP24.97$g0$hP$5Uk
=ACF  \\$aPrevious copyright fee: GBP24.21$c13\8$e01-jul-2014$fGBP24.21$g0$hP$5Uk
=ACF  \\$aPrevious copyright fee: GBP25.77$c13\8$e01-apr-2015$fGBP25.77$g0$hP$5Uk
=ACF  \\$aPrevious copyright fee: GBP26.63$c13\8$e01-jul-2015$fGBP26.63$g0$hP$5Uk
=ACF  \\$aPrevious copyright fee: GBP25.77$c13\8$e01-oct-2015$fGBP25.77$g0$hP$5Uk
=ACF  \\$aPrevious copyright fee: GBP27.55$c13\8$e01-apr-2016$fGBP27.55$g0$hP$5Uk
=ACF  \\$aPrevious copyright fee: GBP29.59$c13\8$e01-oct-2016$fGBP29.59$g0$hP$5Uk
=ACF  \\$aPrevious copyright fee: GBP31.96$c13\8$e01-apr-2017$fGBP31.96$g0$hP$5Uk
=ACF  \\$aPrevious copyright fee: GBP30.73$c13\8$e01-oct-2017$fGBP30.73$g0$hP$5Uk
=ACF  \\$aPrevious copyright fee: GBP28.54$c13\8$e01-apr-2018$fGBP28.54$g0$hP$5Uk
=ACF  \\$aPrevious copyright fee: GBP34.00$c22\1$e01-jul-2018$fGBP34.00$g0$hP$5Uk
=LAS  \\$a5410$b40$c20230421$lBLL01$h2018

