=LDR  05997cas a2201249 a 4500
=001  014654199
=003  Uk
=005  20230507183453.0
=006  m\\\\\\\\d\\\\\\\\
=007  cr\|||||||||||
=008  080808c20089999vb\qr\p\s\\\\\0\\\a0eng\d
=FMT  \\$a  SE
=022  \\$a1875-371X$l1875-371X$y1875-3728$202
=035  \\$a(OCoLC)241355034
=040  \\$aOH1$beng$cOH1$dOCLCQ$dCUS$dUk
=042  \\$aukblsr$aissnuk
=043  \\$ae-ru---
=050  \4$aG1$b.G3127
=082  04$a333.720947$223
=210  0\$aGeogr. nat. resour.$b(Online)
=222  \0$aGeography and natural resources$b(Online)
=245  00$aGeography and natural resources$h[electronic resource].
=260  \\$aAmsterdam :$bElsevier
=264  31$a[Tortola, British Virgin Islands] :$bPleiades Publishing
=310  \\$aQuarterly
=336  \\$atext$2rdacontent
=337  \\$acomputer$2rdamedia
=338  \\$aonline resource$2rdacarrier
=362  1\$aBegan with v. 29, issue 1 (Mar. 2008).
=546  \\$aThis is the first issue of the journal 'Geography and natural resources' as an English translation from Russian.
=550  \\$aIssued by: The Russian Academy of Science, Siberian Branch.
=500  \\$aPublished by: V.B. Sochava Institute of Geography, 2011-
=588  \\$aDescription based on first issue; title from journal information screen (OhioLINK, viewed July 23, 2008).
=588  \\$aLatest issue consulted: volume 43, issue 2 (June 2022) (SpringerLink, viewed November 29, 2022).
=540  \\$aCurrent copyright fee: GBP29.95$c22\1$5Uk
=650  \0$aPhysical Geography$zRussia (Federation)$vPeriodicals.
=650  \0$aConservation of natural resources$zRussia (Federation)$vPeriodicals.
=650  \0$aEnvironmental policy$zRussia (Federation)$vPeriodicals.
=710  2\$aRossiĭskai︠a︡ akademii︠a︡ nauk.$bSibirskoe otdelenie.
=765  0\$tGeografii︠a︡ i prirodnye resursy (Online)
=776  08$iPrint version:$tGeografii︠a︡ i prirodnye resursy. English. Geography and natural resources$x1875-3728
=856  \\$31850-9999$uhttp://www.springer.com/gb/$xBLDSS
=856  4\$uhttp://rave.ohiolink.edu/ejournals/issn/18753728/$zConnect to resource
=856  4\$uhttp://www.sciencedirect.com/science/journal/18753728$zIssues to 2010 only
=856  40$uhttps://www.springer.com/journal/13541$zIssues from 2011
=859  \\$aXLD$bejournal
=852  41$aBritish Library$bDSC$j4129.130000$3Volume 29:Issue 1(2008)-Volume 38:Issue 4(2017)***See ESTAR for full holdings.
=945  \\$aGeography and natural resources
=959  \\$fHeld but not currently received
=979  \\$aBritish Library$bDSC$j4129.130000
=985  \\$aCONFERENCE ANALYTIC RECORDS EXIST
=985  \\$aISSN responsibility transferred from ISSN Russia (22/11/22)
=CAT  \\$a7174$b40$c20080626$lBLL01$h1402
=CAT  \\$aIPL-CLA$c20150630$lBLL01$h1702
=CAT  \\$aBATCH-UPD$b00$c20150820$lBLL01$h1831
=CAT  \\$aIPL-CLA$c20150930$lBLL01$h1828
=CAT  \\$aBATCH-UPD$b00$c20160217$lBLL01$h1720
=CAT  \\$aIPL-CLA$c20160331$lBLL01$h1750
=CAT  \\$aBATCH-UPD$b00$c20160524$lBLL01$h2212
=CAT  \\$aBATCH-UPD$b00$c20160525$lBLL01$h0035
=CAT  \\$aBATCH-UPD$b00$c20160824$lBLL01$h1749
=CAT  \\$aIPL-CLA$c20160930$lBLL01$h1621
=CAT  \\$aBATCH-UPD$b00$c20170216$lBLL01$h1836
=CAT  \\$aIPL-CLA$c20170331$lBLL01$h1859
=CAT  \\$aBATCH-UPD$b00$c20170904$lBLL01$h1844
=CAT  \\$aIPL-CLA$c20170929$lBLL01$h1745
=CAT  \\$aBATCH-UPD$b00$c20180223$lBLL01$h1704
=CAT  \\$aIPL-CLA$c20180331$lBLL01$h1638
=CAT  \\$aW1805-0475$c20180520$lBLL01$h1632
=CAT  \\$aBATCH-UPD$b00$c20180524$lBLL01$h1708
=CAT  \\$aIPL-CLA$c20180630$lBLL01$h1926
=CAT  \\$aW1908-0780$b00$c20200730$lBLL01$h1331
=CAT  \\$aCDS21$c20220118$lBLL01$h1105
=CAT  \\$aBATCH-UPD$b00$c20221121$lBLL01$h1403
=CAT  \\$a10806$b40$c20221129$lBLL01$h0814
=CAT  \\$a10806$b40$c20221129$lBLL01$h0818
=CAT  \\$a10806$b40$c20221129$lBLL01$h0825
=CAT  \\$aIPL-CLA$c20221231$lBLL01$h1449
=CAT  \\$a5410$b40$c20230507$lBLL01$h1834
=CFI  0\$aCurrent copyright fee: GBP29.95$c22\1$e01-jan-2023$fGBP29.95$g0$hP$5Uk
=CFI  2\$aPrevious copyright fee: GBP34.00$c22\1$e01-jul-2018$fGBP34.00$g0$hP$5Uk
=EST  \\$a1
=FFP  \\$aY$bBLDSS-3PM
=FIN  \\$aY$d20110316
=MNI  \\$a1875-3728
=SID  \\$aZ39$bOCLC
=TCO  \\$aXXX$c008
=TOC  \\$aETOC
=UNO  \\$aY
=ACF  \\$aPrevious copyright fee: GBP20.00$c5\1$e01-jan-2009$fGBP20.00$g0$hP$5Uk
=ACF  \\$aPrevious Copyright Fee: GBP19.00$c5\1$e26-jun-2008$fGBP19.00$g0$hP$5Uk
=ACF  \\$aBritish Library not licensed to copy$c0$e07-sep-2011$hC$iTX$5Uk
=ACF  \\$aPrevious Copyright Fee: GBP10.50$c0$e01-mar-2011$fGBP10.50$g0$hA$5Uk
=ACF  \\$aPrevious copyright fee: GBP22.00$c22\1$e15-nov-2012$fGBP22.00$g0$hP$5Uk
=ACF  \\$aPrevious copyright fee: GBP25.00$c22\1$e01-jan-2013$fGBP25.00$g0$hP$5Uk
=ACF  \\$aPrevious copyright fee: GBP25.77$c22\1$e01-jul-2013$fGBP25.77$g0$hP$5Uk
=ACF  \\$aPrevious copyright fee: GBP24.97$c22\1$e01-jan-2014$fGBP24.97$g0$hP$5Uk
=ACF  \\$aPrevious copyright fee: GBP24.21$c22\1$e01-jul-2014$fGBP24.21$g0$hP$5Uk
=ACF  \\$aPrevious copyright fee: GBP25.77$c22\1$e01-apr-2015$fGBP25.77$g0$hP$5Uk
=ACF  \\$aPrevious copyright fee: GBP26.63$c22\1$e01-jul-2015$fGBP26.63$g0$hP$5Uk
=ACF  \\$aPrevious copyright fee: GBP25.77$c22\1$e01-oct-2015$fGBP25.77$g0$hP$5Uk
=ACF  \\$aPrevious copyright fee: GBP27.55$c22\1$e01-apr-2016$fGBP27.55$g0$hP$5Uk
=ACF  \\$aPrevious copyright fee: GBP29.59$c22\1$e01-oct-2016$fGBP29.59$g0$hP$5Uk
=ACF  \\$aPrevious copyright fee: GBP31.96$c22\1$e01-apr-2017$fGBP31.96$g0$hP$5Uk
=ACF  \\$aPrevious copyright fee: GBP30.73$c22\1$e01-oct-2017$fGBP30.73$g0$hP$5Uk
=ACF  \\$aPrevious copyright fee: GBP28.54$c22\1$e01-apr-2018$fGBP28.54$g0$hP$5Uk
=LAS  \\$a5410$b40$c20230507$lBLL01$h1834

