=LDR  07165cas a2201429 a 4500
=001  012431804
=003  Uk
=005  20221231201925.0
=006  m\\\\\o\\d\\\\\\\\
=007  cr\cnu||||||||
=008  010625c19649999vb\br\pso\\\\\0\\\a0eng\c
=FMT  \\$a  SE
=010  \\$a  2004700033
=019  c\$a102010951
=022  0\$a1608-3105$l0012-4966$y0012-4966$202
=035  \\$a(OCoLC)47189942$z(OCoLC)48412419
=040  \\$aOH1$beng$cOH1$dOCLCQ$dMUQ$dOCLCQ$dPIT$dOCLCQ$dF#A$dCUS$dOCLCQ$dOCLCF$dOCLCQ$dUk
=041  1\$aeng$hrus
=042  \\$aukblsr$aissnuk
=050  \4$aQH301$b.A338
=082  04$a570.5$223
=130  0\$aDoklady.$pBiological sciences (Online)
=210  0\$aDokl. biol. sci.$b(Online)
=222  \0$aDoklady biological sciences$b(Online)
=245  10$aDoklady.$pBiological sciences$h[electronic resource].
=246  30$aBiological sciences
=260  \\$a[New York] :$bKluwer Academic/Plenum Publishers
=264  31$a[Tortola, British Virgin Islands] :$bPleiades Publishing
=310  \\$aBimonthly
=336  \\$atext$2rdacontent
=337  \\$acomputer$2rdamedia
=338  \\$aonline resource$2rdacarrier
=362  1\$aPrint began with vol. 154, nos. 1-6 (Jan./Feb. 1964).
=595  \\$aSEE ALSO 0411.099 0411.25 AND 0411.29 ABSORBS 0411.29 SEE ALSO CARD INDEX.
=546  \\$aCover to cover translation into English.
=515  \\$aCarries numbering of the Russian print original.
=538  \\$aMode of access: World Wide Web.
=580  \\$aContains English translations of selected biological sections of the Doklady Akademii Nauk, Nov.-Dec. 2000-
=588  \\$aDescription based on: Vol. 375, issue 1-6 (Nov.-Dec. 2000); title from issue table of contents (Kluwer Website, viewed Sept. 13, 2004).
=588  \\$aLatest issue consulted: volume 506, issue 1 (October 2022) (SpringerLink, viewed November 18, 2022).
=540  \\$aCurrent copyright fee: GBP29.95$c22\1$5Uk
=650  \0$aBiology$vPeriodicals.
=710  2\$aRossiĭskai︠a︡ akademii︠a︡ nauk.
=776  1\$tDoklady. Biological sciences$x0012-4966
=856  \\$31850-9999$uhttp://www.springer.com/gb/$xBLDSS
=856  4\$uhttp://firstsearch.oclc.org$zAddress for accessing the journal using authorization number and password through OCLC FirstSearch Electronic Collections Online
=856  4\$uhttp://firstsearch.oclc.org/journal=0012-4966;screen=info;ECOIP$zAddress for accessing the journal from an authorized IP address through OCLC FirstSearch Electronic Collections Online
=856  40$uhttp://rave.ohiolink.edu/ejournals/issn/00124966/$zConnect to Doklady. Biological sciences (Online)
=856  40$uhttp://www.kluweronline.com/issn/0012-4966/contents
=856  40$uhttps://www.springer.com/journal/10630
=859  \\$aXLD$bejournal
=852  41$aBritish Library$bDSC$j0411.200000$3Volume 375:Issue 1/6(2000)-Volume 478:Issue 1(2018)***See ESTAR for full holdings.
=945  \\$aDOKLADY BIOLOGICAL SCIENCES C/C OF DOKLADY- AKADEMIIA NAUK SSSR.
=959  \\$fHeld but not currently received
=963  \\$aVOL. 118, 1958- 159, 1964 *A=1$bY$cP379.B.180
=979  \\$aBritish Library$bDSC$j0411.200000
=985  \\$aCorrected by BSS-generated file for WR# 08/157
=985  \\$aISSN responsibility transferred from ISSN Russia (18/11/22)
=A02  \\$a102010951
=CAT  \\$aCONV$b00$c20040425$lBLL90$h0712
=CAT  \\$aIPL-CLA$c20150630$lBLL01$h1642
=CAT  \\$aBATCH-UPD$b00$c20150820$lBLL01$h1957
=CAT  \\$aIPL-CLA$c20150930$lBLL01$h1800
=CAT  \\$aBATCH-UPD$b00$c20160217$lBLL01$h1856
=CAT  \\$aIPL-CLA$c20160331$lBLL01$h1721
=CAT  \\$aBATCH-UPD$b00$c20160524$lBLL01$h2155
=CAT  \\$aBATCH-UPD$b00$c20160524$lBLL01$h2243
=CAT  \\$aBATCH-UPD$b00$c20160824$lBLL01$h1914
=CAT  \\$aIPL-CLA$c20160930$lBLL01$h1558
=CAT  \\$aBATCH-UPD$b00$c20170216$lBLL01$h1959
=CAT  \\$aIPL-CLA$c20170331$lBLL01$h1840
=CAT  \\$aBATCH-UPD$b00$c20170904$lBLL01$h2030
=CAT  \\$aIPL-CLA$c20170929$lBLL01$h1724
=CAT  \\$aBATCH-UPD$b00$c20180223$lBLL01$h1929
=CAT  \\$aIPL-CLA$c20180331$lBLL01$h1615
=CAT  \\$aW1805-0475$c20180520$lBLL01$h1631
=CAT  \\$aBATCH-UPD$b00$c20180524$lBLL01$h1809
=CAT  \\$aIPL-CLA$c20180630$lBLL01$h1914
=CAT  \\$aW1908-0780$b00$c20200730$lBLL01$h1322
=CAT  \\$aCDS21$c20220118$lBLL01$h1104
=CAT  \\$a10806$b40$c20221118$lBLL01$h1132
=CAT  \\$a10806$b40$c20221118$lBLL01$h1133
=CAT  \\$aBATCH-UPD$b40$c20221121$lBLL01$h1359
=CAT  \\$aIPL-CLA$c20221231$lBLL01$h1444
=CAT  \\$a5410$b40$c20221231$lBLL01$h2019
=CFI  0\$aCurrent copyright fee: GBP29.95$c22\1$e01-jan-2023$fGBP29.95$g0$hP$5Uk
=CFI  2\$aPrevious copyright fee: GBP34.00$c22\1$e01-jul-2018$fGBP34.00$g0$hP$5Uk
=EST  \\$a1
=FFP  \\$aY$bBLDSS-3PM
=FIN  \\$aY
=LEO  \\$aMP10.0000629074
=MNI  \\$a0012-4966
=SID  \\$aZ39$bOCLC
=SRC  \\$aDSS01$bbibmp10.200404.2.aa
=TCO  \\$aTRS$bCCC$c008
=TOC  \\$aETOC
=UNO  \\$aY
=ACF  \\$aPrevious copyright fee: GBP21.25$c4\3$e01-jan-2009$fGBP21.25$g0$hP$5Uk
=ACF  \\$aPrevious copyright fee: GBP16.75$c4\3$e01-jan-2007$fGBP16.75$g0$hP$5Uk
=ACF  \\$aPrevious copyright fee: GBP16.22$c4\3$e01-oct-2006$fGBP16.22$g0$hP$5Uk
=ACF  \\$aPrevious copyright fee: GBP17.14$c4\3$e01-apr-2006$fGBP17.14$g0$hP$5Uk
=ACF  \\$aPrevious copyright fee: GBP16.67$c4\3$e01-jan-2006$fGBP16.67$g0$hP$5Uk
=ACF  \\$aPrevious copyright fee: GBP16.22$c4\3$e01-apr-2005$fGBP16.22$g0$hP$5Uk
=ACF  \\$aPrevious copyright fee: GBP16.67$c4\3$e01-jan-2005$fGBP16.67$g0$hP$5Uk
=ACF  \\$aPrevious copyright fee: GBP13.51$c4\3$e01-apr-2004$fGBP13.51$g0$hP$5Uk
=ACF  \\$aCurrent copyright fee: GBP14.71$c4\3$e01-jan-2004$fGBP14.71$g0$hP$5Uk
=ACF  \\$aCurrent copyright fee: GBP15.63$c4\3$e01-jan-2003$fGBP15.63$g0$hP$5Uk
=ACF  \\$aPrevious copyright fee: GBP22.00$c4\3$e01-apr-2009$fGBP22.00$g0$hP$5Uk
=ACF  \\$aPrevious copyright fee: GBP22.00$c4\3$e12-aug-2012$fGBP22.00$g0$hP$5Uk
=ACF  \\$aPrevious copyright fee: GBP25.00$c4\3$e01-jan-2013$fGBP25.00$g0$hP$5Uk
=ACF  \\$aPrevious copyright fee: GBP25.77$c4\3$e01-jul-2013$fGBP25.77$g0$hP$5Uk
=ACF  \\$aPrevious copyright fee: GBP24.97$c4\3$e01-jan-2014$fGBP24.97$g0$hP$5Uk
=ACF  \\$aPrevious copyright fee: GBP24.21$c4\3$e01-jul-2014$fGBP24.21$g0$hP$5Uk
=ACF  \\$aPrevious copyright fee: GBP25.77$c4\3$e01-apr-2015$fGBP25.77$g0$hP$5Uk
=ACF  \\$aPrevious copyright fee: GBP26.63$c4\3$e01-jul-2015$fGBP26.63$g0$hP$5Uk
=ACF  \\$aPrevious copyright fee: GBP25.77$c4\3$e01-oct-2015$fGBP25.77$g0$hP$5Uk
=ACF  \\$aPrevious copyright fee: GBP27.55$c4\3$e01-apr-2016$fGBP27.55$g0$hP$5Uk
=ACF  \\$aPrevious copyright fee: GBP29.59$c4\3$e01-oct-2016$fGBP29.59$g0$hP$5Uk
=ACF  \\$aPrevious copyright fee: GBP31.96$c4\3$e01-apr-2017$fGBP31.96$g0$hP$5Uk
=ACF  \\$aPrevious copyright fee: GBP30.73$c4\3$e01-oct-2017$fGBP30.73$g0$hP$5Uk
=ACF  \\$aPrevious copyright fee: GBP28.54$c4\3$e01-apr-2018$fGBP28.54$g0$hP$5Uk
=LAS  \\$a5410$b40$c20221231$lBLL01$h2019

