=LDR  07029cas a2201405 a 4500
=001  012431839
=003  Uk
=005  20230505145047.0
=006  m\\\\\\\\d\\\\\\\\
=007  cr||||||||||||
=008  040410c19679999xxumr\p\o\\\\\0\\\a0eng\\
=FMT  \\$a  SE
=010  \\$a  2010233018
=019  c\$a102011178
=022  \\$a1573-9031$l0091-150X
=035  \\$a(OCoLC)48463946
=040  \\$aF#A$beng$cF#A$dOCLCQ$dOH1$dSYB$dU9S$dGUA$dOCLCQ$dOCLCO$dOCLCF$dOCLCO$dOCLCQ$dOCLCO$dOCLCQ$dUk
=041  1\$aeng$hrus
=042  \\$aukblsr
=050  14$aRS402
=082  04$a615.19$222
=130  0\$aPharmaceutical chemistry journal (Online)
=210  0\$aPharm. chem. j.$b(Dordr., Online)
=222  \0$aPharmaceutical chemistry journal$b(Dordrecht. Online)
=245  10$aPharmaceutical chemistry journal$h[electronic resource].
=260  \\$a[New York, N.Y.] :$bKluwer Academic-Plenum-Human Sciences Press
=264  31$aNew York :$bSpringer Science+Business Media
=310  \\$aMonthly
=321  \\$aSemimonthly
=336  \\$atext$2rdacontent
=337  \\$acomputer$2rdamedia
=338  \\$aonline resource$2rdacarrier
=362  1\$aPrint began with number 1 (January 1967).
=500  \\$aFormerly published: New York : Consultants Bureau, 1967-
=580  \\$aOriginal print version of this title translated from the Russian: Khimiko-farmat︠s︡evticheskiĭ zhurnal.
=588  \\$aDescription based on: Vol. 31, no. 1 (Jan. 1997); title from journal information screen (SpringerLink, viewed Jan. 8, 2010).
=588  \\$aLatest issue consulted: volume 50, number 9 (December 2016) = Russian original, volume 50, number 9 (September 2016) (viewed December 12, 2016).
=595  \\$aSee also 0410.430000 and 0420.757000.
=540  \\$aCurrent copyright fee: GBP34.95$c22\1$5Uk
=650  \0$aPharmaceutical chemistry$vPeriodicals.
=650  \0$aPharmaceutical technology$vPeriodicals.
=650  \2$aChemistry, Pharmaceutical.
=655  \7$aPeriodicals.$2fast
=776  08$iPrint version:$tKhimiko-farmat︠s︡evticheskiĭ zhurnal. English. Pharmaceutical chemistry journal$x0091-150X
=856  40$uhttp://www.springerlink.com/content/106490/
=856  4\$uhttp://firstsearch.oclc.org$zAddress for accessing the journal using authorization number and password through OCLC FirstSearch Electronic Collections Online
=856  4\$uhttp://firstsearch.oclc.org/journal=0091-150x;screen=info;ECOIP$zAddress for accessing the journal from an authorized IP address through OCLC FirstSearch Electronic Collections Online
=856  \\$31850-9999$uhttp://www.springer.com/gb/$xBLDSS
=859  \\$aXLD$bejournal
=852  41$aBritish Library$bDSC$j0416.770000$3Volume 32:Issue 12(1998)-Volume 51:Issue 11(2018)***See ESTAR for full holdings.
=945  \\$aPharmaceutical chemistry journal C/C of Khimiko-farmatsevticheskii zhurnal
=959  \\$fHeld but not currently received
=979  \\$aBritish Library$bDSC$j0416.770000
=985  \\$aCorrected by MS generated file for WR# 12.018
=A02  \\$a102011178
=CAT  \\$aCONV$b00$c20040425$lBLL90$h0712
=CAT  \\$aIPL-CLA$c20150630$lBLL01$h1642
=CAT  \\$aBATCH-UPD$b00$c20150820$lBLL01$h1919
=CAT  \\$aIPL-CLA$c20150930$lBLL01$h1800
=CAT  \\$aBATCH-UPD$b00$c20160217$lBLL01$h1814
=CAT  \\$aIPL-CLA$c20160331$lBLL01$h1721
=CAT  \\$aBATCH-UPD$b00$c20160519$lBLL01$h1016
=CAT  \\$aBATCH-UPD$b00$c20160524$lBLL01$h2155
=CAT  \\$aBATCH-UPD$b00$c20160824$lBLL01$h1839
=CAT  \\$aIPL-CLA$c20160930$lBLL01$h1558
=CAT  \\$a8323$b40$c20161212$lBLL01$h1116
=CAT  \\$aBATCH-UPD$b40$c20170216$lBLL01$h1922
=CAT  \\$aIPL-CLA$c20170331$lBLL01$h1840
=CAT  \\$aBATCH-UPD$b00$c20170904$lBLL01$h1942
=CAT  \\$aIPL-CLA$c20170929$lBLL01$h1724
=CAT  \\$aBATCH-UPD$b00$c20180223$lBLL01$h1822
=CAT  \\$aIPL-CLA$c20180331$lBLL01$h1615
=CAT  \\$aW1805-0475$c20180520$lBLL01$h1631
=CAT  \\$aBATCH-UPD$b00$c20180524$lBLL01$h1740
=CAT  \\$aIPL-CLA$c20180630$lBLL01$h1914
=CAT  \\$aW1908-0780$b00$c20200730$lBLL01$h1322
=CAT  \\$a5552$b40$c20210824$lBLL01$h1129
=CAT  \\$aIPL-CLA$c20210930$lBLL01$h1527
=CAT  \\$aCDS21$c20220118$lBLL01$h1104
=CAT  \\$aBATCH-UPD$b00$c20221121$lBLL01$h1410
=CAT  \\$aIPL-CLA$c20221231$lBLL01$h1444
=CAT  \\$a5410$b40$c20230505$lBLL01$h1450
=CFI  0\$aCurrent copyright fee: GBP34.95$c22\1$e01-jan-2023$fGBP34.95$g0$hP$5Uk
=CFI  2\$aPrevious copyright fee: GBP43.00$c22\1$e01-oct-2021$fGBP43.00$g0$hP$5Uk
=EST  \\$a1
=FFP  \\$aY$bBLDSS-3PM
=FIN  \\$aY
=LEO  \\$aMP10.0000629109
=MNI  \\$a0091-150X
=SRC  \\$aBLL02
=SRC  \\$aDSS01$bbibmp10.200404.2.aa
=TCO  \\$aTRS$bCCC$c008
=TOC  \\$aETOC
=UNO  \\$aY
=ACF  \\$aPrevious copyright fee: GBP21.25$c4\1$e01-jan-2009$fGBP21.25$g0$hP$5Uk
=ACF  \\$aPrevious copyright fee: GBP16.75$c4\1$e01-jan-2007$fGBP16.75$g0$hP$5Uk
=ACF  \\$aPrevious copyright fee: GBP16.22$c4\1$e01-oct-2006$fGBP16.22$g0$hP$5Uk
=ACF  \\$aPrevious copyright fee: GBP17.14$c4\1$e01-apr-2006$fGBP17.14$g0$hP$5Uk
=ACF  \\$aPrevious copyright fee: GBP16.67$c4\1$e01-jan-2006$fGBP16.67$g0$hP$5Uk
=ACF  \\$aPrevious copyright fee: GBP16.22$c4\1$e01-apr-2005$fGBP16.22$g0$hP$5Uk
=ACF  \\$aPrevious copyright fee: GBP16.67$c4\1$e01-jan-2005$fGBP16.67$g0$hP$5Uk
=ACF  \\$aPrevious copyright fee: GBP13.51$c4\1$e01-apr-2004$fGBP13.51$g0$hP$5Uk
=ACF  \\$aCurrent copyright fee: GBP14.71$c4\1$e01-jan-2004$fGBP14.71$g0$hP$5Uk
=ACF  \\$aCurrent copyright fee: GBP15.63$c4\1$e01-jan-2003$fGBP15.63$g0$hP$5Uk
=ACF  \\$aPrevious copyright fee: GBP22.00$c4\1$e01-apr-2009$fGBP22.00$g0$hP$5Uk
=ACF  \\$aPrevious copyright fee: GBP22.00$c4\1$e12-aug-2012$fGBP22.00$g0$hP$5Uk
=ACF  \\$aPrevious copyright fee: GBP25.00$c4\1$e01-jan-2013$fGBP25.00$g0$hP$5Uk
=ACF  \\$aPrevious copyright fee: GBP25.77$c4\1$e01-jul-2013$fGBP25.77$g0$hP$5Uk
=ACF  \\$aPrevious copyright fee: GBP24.97$c4\1$e01-jan-2014$fGBP24.97$g0$hP$5Uk
=ACF  \\$aPrevious copyright fee: GBP24.21$c4\1$e01-jul-2014$fGBP24.21$g0$hP$5Uk
=ACF  \\$aPrevious copyright fee: GBP25.77$c4\1$e01-apr-2015$fGBP25.77$g0$hP$5Uk
=ACF  \\$aPrevious copyright fee: GBP26.63$c4\1$e01-jul-2015$fGBP26.63$g0$hP$5Uk
=ACF  \\$aPrevious copyright fee: GBP25.77$c4\1$e01-oct-2015$fGBP25.77$g0$hP$5Uk
=ACF  \\$aPrevious copyright fee: GBP27.55$c4\1$e01-apr-2016$fGBP27.55$g0$hP$5Uk
=ACF  \\$aPrevious copyright fee: GBP29.59$c4\1$e01-oct-2016$fGBP29.59$g0$hP$5Uk
=ACF  \\$aPrevious copyright fee: GBP31.96$c4\1$e01-apr-2017$fGBP31.96$g0$hP$5Uk
=ACF  \\$aPrevious copyright fee: GBP30.73$c4\1$e01-oct-2017$fGBP30.73$g0$hP$5Uk
=ACF  \\$aPrevious copyright fee: GBP28.54$c4\1$e01-apr-2018$fGBP28.54$g0$hP$5Uk
=ACF  \\$aPrevious copyright fee: GBP34.00$c22\1$e01-jul-2018$fGBP34.00$g0$hP$5Uk
=LAS  \\$a5410$b40$c20230505$lBLL01$h1450

