=LDR  07190cas a2201453 a 4500
=001  012431926
=003  Uk
=005  20230114124302.0
=006  m\\\\\o\\d\\\\\\\\
=007  cr\mnu||||||||
=008  990617c19969999ne\qr\pso\\\\\0\\\a0eng\c
=FMT  \\$a  SE
=010  \\$a2001262340
=019  c\$a102523882
=019  0\$as664805000
=022  \\$a1573-1677$l1382-4996$y1382-4996$2j
=035  \\$a(OCoLC)41558951$z(OCoLC)243597348
=040  \\$aF#A$beng$cF#A$dOCL$dCGU$dOCLCQ$dAGL$dMUQ$dOCLCQ$dZCU$dMYG$dOCLCQ$dGUA$dOCLCQ$dUk
=050  14$aR735.A1
=070  0\$aR735$b.A1
=072  \0$aX800
=082  04$a610.71$223
=084  \\$aHF 68$2blsrissc
=130  0\$aAdvances in health sciences education (Online)
=210  1\$aAdv. health sci. educ.$b(Dordr., Online)
=222  \0$aAdvances in health sciences education$b(Dordrecht. Online)
=245  10$aAdvances in health sciences education$h[electronic resource].
=260  \\$a[Dordrecht] :$bKluwer Academic Publishers
=260  3\$3<2009-> :$a[Dordrecht] :$bSpringer Netherlands
=310  \\$aQuarterly,$b2004-
=321  \\$aThree issues a year,$b1996-2003
=336  \\$atext$2rdacontent
=337  \\$acomputer$2rdamedia
=338  \\$aonline resource$2rdacarrier
=362  1\$aBegan with v. 1, no. 1 (Jan. 1996).
=588  \\$aDescription based on: Vol. 1, no. 1 (Jan. 1996); title from journal information page (SpringerLink, viewed Oct. 15, 2009).
=588  \\$aLatest issue consulted: Vol. 14, no. 4 (Oct. 2009) (SpringerLink, viewed Oct. 15, 2009).
=540  \\$aCurrent copyright fee: GBP29.95$c22\1$5Uk
=650  \0$aMedical education$vPeriodicals.
=650  \0$aMedicine$xStudy and teaching$vPeriodicals.
=650  \0$aDentistry$xStudy and teaching$vPeriodicals.
=650  \0$aNursing$xStudy and teaching$vPeriodicals.
=650  \0$aPhysical therapy$xStudy and teaching$vPeriodicals.
=776  08$iPrint version:$tAdvances in health sciences education$x1382-4996
=856  \\$31850-9999$uhttp://www.springer.com/gb/$xBLDSS
=856  40$uhttp://firstsearch.oclc.org$zAddress for accessing the journal using authorization number and password through OCLC FirstSearch Electronic Collections Online
=856  40$uhttp://firstsearch.oclc.org/journal=1382-4996;screen=info;ECOIP$zAddress for accessing the journal from an authorized IP address through OCLC FirstSearch Electronic Collections Online
=856  40$uhttp://www.springerlink.com/content/1573-1677
=856  40$uhttp://www.wkap.nl/jrnltoc.htm/1382-4996$zRedirects to SpringerLink as of Oct. 15, 2009
=859  \\$aXLD$bejournal
=852  41$aBritish Library$bDSC$j0709.008700$3Volume 2:Issue 1(1997)-Volume 23:Issue 1(2018)***See ESTAR for full holdings.
=945  \\$aADVANCES IN HEALTH SCIENCES EDUCATION.
=959  \\$fHeld but not currently received
=979  \\$aBritish Library$bDSC$j0709.008700
=985  \\$aCorrected by BSS-generated file for WR# 08/157
=985  \\$aCorrected by MS generated file for WR# 12.018
=A02  \\$a102523882
=CAT  \\$aCONV$b00$c20040425$lBLL90$h0712
=CAT  \\$aBATCH-UPD$b00$c20150219$lBLL01$h1642
=CAT  \\$aIPL-CLA$c20150331$lBLL01$h1633
=CAT  \\$aBATCH-UPD$b00$c20150520$lBLL01$h1701
=CAT  \\$aIPL-CLA$c20150630$lBLL01$h1642
=CAT  \\$aBATCH-UPD$b00$c20150820$lBLL01$h1751
=CAT  \\$aIPL-CLA$c20150930$lBLL01$h1800
=CAT  \\$aBATCH-UPD$b00$c20160217$lBLL01$h1637
=CAT  \\$aIPL-CLA$c20160331$lBLL01$h1721
=CAT  \\$aBATCH-UPD$b00$c20160524$lBLL01$h2155
=CAT  \\$aBATCH-UPD$b00$c20160524$lBLL01$h2243
=CAT  \\$aBATCH-UPD$b00$c20160824$lBLL01$h1714
=CAT  \\$aIPL-CLA$c20160930$lBLL01$h1558
=CAT  \\$aBATCH-UPD$b00$c20170216$lBLL01$h1801
=CAT  \\$aIPL-CLA$c20170331$lBLL01$h1840
=CAT  \\$aBATCH-UPD$b00$c20170904$lBLL01$h1802
=CAT  \\$aIPL-CLA$c20170929$lBLL01$h1724
=CAT  \\$aBATCH-UPD$b00$c20180223$lBLL01$h1618
=CAT  \\$aIPL-CLA$c20180331$lBLL01$h1615
=CAT  \\$aW1805-0475$c20180520$lBLL01$h1631
=CAT  \\$aBATCH-UPD$b00$c20180524$lBLL01$h1652
=CAT  \\$aIPL-CLA$c20180630$lBLL01$h1914
=CAT  \\$aW1908-0780$b00$c20200730$lBLL01$h1323
=CAT  \\$aCDS21$c20220118$lBLL01$h1104
=CAT  \\$aBATCH-UPD$b00$c20221121$lBLL01$h1359
=CAT  \\$aIPL-CLA$c20221231$lBLL01$h1444
=CAT  \\$a5410$b40$c20230114$lBLL01$h1243
=CFI  0\$aCurrent copyright fee: GBP29.95$c22\1$e01-jan-2023$fGBP29.95$g0$hP$5Uk
=CFI  2\$aPrevious copyright fee: GBP34.00$c22\1$e01-jul-2018$fGBP34.00$g0$hP$5Uk
=EST  \\$a1
=FFP  \\$aY$bBLDSS-3PM
=FIN  \\$aY
=LEO  \\$aMP10.0000629196
=LEO  \\$aMP25.0000345981
=LKR  \\$aPAR$b009187812$lBLL01$r776$mAdvances in health sciences education (Dordrecht. Online)$nAdvances in health sciences education
=MNI  \\$a1382-4996
=SID  \\$aZ39$bOCLC
=SRC  \\$aSRI01$bbibmp25.200404.2.aa
=SRC  \\$aDSS01$bbibmp10.200404.2.aa
=TCO  \\$aNLD$bSTICHTING REPRORECHT$c008
=TOC  \\$aETOC
=UNO  \\$aY
=ACF  \\$aPrevious copyright fee: GBP21.25$c13\1$e01-jan-2009$fGBP21.25$g0$hP$5Uk
=ACF  \\$aPrevious copyright fee: GBP16.75$c13\1$e01-jan-2007$fGBP16.75$g0$hP$5Uk
=ACF  \\$aPrevious copyright fee: GBP16.22$c13\1$e01-oct-2006$fGBP16.22$g0$hP$5Uk
=ACF  \\$aPrevious copyright fee: GBP17.14$c13\1$e01-apr-2006$fGBP17.14$g0$hP$5Uk
=ACF  \\$aPrevious copyright fee: GBP16.67$c13\1$e01-jan-2006$fGBP16.67$g0$hP$5Uk
=ACF  \\$aPrevious copyright fee: GBP16.22$c13\1$e01-apr-2005$fGBP16.22$g0$hP$5Uk
=ACF  \\$aPrevious copyright fee: GBP16.67$c13\1$e01-jan-2005$fGBP16.67$g0$hP$5Uk
=ACF  \\$aPrevious copyright fee: GBP13.51$c13\1$e01-apr-2004$fGBP13.51$g0$hP$5Uk
=ACF  \\$aCurrent copyright fee: GBP14.71$c13\1$e01-jan-2004$fGBP14.71$g0$hP$5Uk
=ACF  \\$aCurrent copyright fee: GBP15.63$c13\1$e01-jan-2003$fGBP15.63$g0$hP$5Uk
=ACF  \\$aPrevious copyright fee: GBP22.00$c13\1$e01-apr-2009$fGBP22.00$g0$hP$5Uk
=ACF  \\$aPrevious copyright fee: GBP22.00$c13\1$e12-aug-2012$fGBP22.00$g0$hP$5Uk
=ACF  \\$aPrevious copyright fee: GBP25.00$c13\1$e01-jan-2013$fGBP25.00$g0$hP$5Uk
=ACF  \\$aPrevious copyright fee: GBP25.77$c13\1$e01-jul-2013$fGBP25.77$g0$hP$5Uk
=ACF  \\$aPrevious copyright fee: GBP24.97$c13\1$e01-jan-2014$fGBP24.97$g0$hP$5Uk
=ACF  \\$aPrevious copyright fee: GBP24.21$c13\1$e01-jul-2014$fGBP24.21$g0$hP$5Uk
=ACF  \\$aPrevious copyright fee: GBP25.77$c13\1$e01-apr-2015$fGBP25.77$g0$hP$5Uk
=ACF  \\$aPrevious copyright fee: GBP26.63$c13\1$e01-jul-2015$fGBP26.63$g0$hP$5Uk
=ACF  \\$aPrevious copyright fee: GBP25.77$c13\1$e01-oct-2015$fGBP25.77$g0$hP$5Uk
=ACF  \\$aPrevious copyright fee: GBP27.55$c13\1$e01-apr-2016$fGBP27.55$g0$hP$5Uk
=ACF  \\$aPrevious copyright fee: GBP29.59$c13\1$e01-oct-2016$fGBP29.59$g0$hP$5Uk
=ACF  \\$aPrevious copyright fee: GBP31.96$c13\1$e01-apr-2017$fGBP31.96$g0$hP$5Uk
=ACF  \\$aPrevious copyright fee: GBP30.73$c13\1$e01-oct-2017$fGBP30.73$g0$hP$5Uk
=ACF  \\$aPrevious copyright fee: GBP28.54$c13\1$e01-apr-2018$fGBP28.54$g0$hP$5Uk
=LAS  \\$a5410$b40$c20230114$lBLL01$h1243

