=LDR  06672cas a2201453 a 4500
=001  012432341
=003  Uk
=005  20221231144427.0
=006  m\\\\\\\\d\\\\\\\\
=007  cr\|||||||||||
=008  970619d19972003mauqx\p\o\\\\\0\\\a0eng\\
=FMT  \\$a  SE
=010  \\$asn 97040156 
=016  7\$a9708907$2DNLM
=016  7\$aSR0090373$2DNLM
=016  7\$a2004231-0$2DE-600
=019  c\$a102553839
=022  \\$a1573-725X
=030  \\$aCELRFR
=035  \\$a(OCoLC)37163641
=040  \\$aNLM$beng$cNLM$dCAS$dOCL$dNSD$dNLM$dOCLCQ$dNLM$dPIT$dAU@$dCS1$dOCLCQ$dDEBBG$dOCLCQ$dOCLCF$dOCLCO$dUk
=042  \\$aukblsr
=060  00$aW1$bCA763EP
=082  04$a617.4120645$223
=130  0\$aCardiac electrophysiology review (Online)
=222  \0$aCardiac electrophysiology review$b(Online)
=245  10$aCardiac electrophysiology review$h[electronic resource].
=246  13$aCEPR
=260  \\$aBoston :$bKluwer Academic Publishers,$c1997-[2003]
=300  \\$a7 v. :$bill.
=310  \\$aFour no. a year
=336  \\$atext$2rdacontent
=337  \\$acomputer$2rdamedia
=338  \\$aonline resource$2rdacarrier
=362  0\$aVol. 1, no. 1/2 (Mar. 1997)-
=362  1\$aCeased with vol. 7, no. 4 in 2003.
=588  \\$aDescription based on print version record.
=588  \\$aLatest issue consulted: volume 7, issue 4 (December 2003) (SpringerLink, viewed September 3, 2015).
=540  \\$aCurrent copyright fee: GBP29.95$c22\1$5Uk
=650  \0$aHeart$xPhysiology$vPeriodicals.
=650  \0$aElectrophysiology$vPeriodicals.
=650  \0$aArrhythmia$vPeriodicals.
=650  02$aArrhythmia$vPeriodicals.
=650  02$aElectrophysiology$vPeriodicals.
=650  02$aHeart$xphysiology$vPeriodicals.
=650  \7$aArrhythmia.$2fast$0(OCoLC)fst00815084
=650  \7$aElectrophysiology.$2fast$0(OCoLC)fst00907701
=650  \7$aHeart$xPhysiology.$2fast$0(OCoLC)fst00953639
=655  \7$aPeriodicals.$2fast$0(OCoLC)fst01411641
=776  08$iAlso issued in print as:$tCardiac electrophysiology review$x1385-2264
=785  04$tJournal of interventional cardiac electrophysiology (Online)$x1572-8595
=856  \\$31850-9999$uhttp://www.springer.com/gb/$xBLDSS
=856  4\$uhttp://www.kluweronline.com/issn/1385-2264/contents$zLink no longer valid
=856  40$uhttp://link.springer.com/journal/volumesAndIssues/10572
=859  \\$aXLD$bejournal
=852  41$aBritish Library$bDSC$j3051.087250$3mar-2000 VOL 4 NUMB 1-Volume 7:Number 4(2003:Dec.)***See ESTAR for full holdings.
=945  \\$aCardiac electrophysiology review
=959  \\$fHeld but not currently received
=A02  \\$a102553839
=CAT  \\$aCONV$b00$c20040425$lBLL90$h0712
=CAT  \\$aBATCH-UPD$b00$c20150520$lBLL01$h1932
=CAT  \\$aIPL-CLA$c20150630$lBLL01$h1642
=CAT  \\$aBATCH-UPD$b00$c20150820$lBLL01$h2002
=CAT  \\$a11316$b40$c20150903$lBLL01$h1503
=CAT  \\$a11316$b40$c20150903$lBLL01$h1520
=CAT  \\$a11316$b40$c20150903$lBLL01$h1543
=CAT  \\$aIPL-CLA$c20150930$lBLL01$h1800
=CAT  \\$aBATCH-UPD$b00$c20160217$lBLL01$h1900
=CAT  \\$aIPL-CLA$c20160331$lBLL01$h1721
=CAT  \\$aBATCH-UPD$b00$c20160524$lBLL01$h2156
=CAT  \\$aBATCH-UPD$b00$c20160524$lBLL01$h2244
=CAT  \\$aBATCH-UPD$b00$c20160824$lBLL01$h1921
=CAT  \\$aIPL-CLA$c20160930$lBLL01$h1558
=CAT  \\$aBATCH-UPD$b00$c20170216$lBLL01$h2008
=CAT  \\$aIPL-CLA$c20170331$lBLL01$h1840
=CAT  \\$aBATCH-UPD$b00$c20170904$lBLL01$h2040
=CAT  \\$aIPL-CLA$c20170929$lBLL01$h1724
=CAT  \\$aBATCH-UPD$b00$c20180223$lBLL01$h1938
=CAT  \\$aIPL-CLA$c20180331$lBLL01$h1615
=CAT  \\$aBATCH-UPD$b00$c20180524$lBLL01$h1812
=CAT  \\$aIPL-CLA$c20180630$lBLL01$h1914
=CAT  \\$aW1908-0780$b00$c20200730$lBLL01$h1323
=CAT  \\$aCDS21$c20220118$lBLL01$h1104
=CAT  \\$aBATCH-UPD$b00$c20221121$lBLL01$h1359
=CAT  \\$aIPL-CLA$c20221231$lBLL01$h1444
=CFI  0\$aCurrent copyright fee: GBP29.95$c22\1$e01-jan-2023$fGBP29.95$g0$hP$5Uk
=CFI  2\$aPrevious copyright fee: GBP34.00$c22\1$e01-jul-2018$fGBP34.00$g0$hP$5Uk
=EST  \\$a1
=FFP  \\$aY$bBLDSS-3PM
=FIN  \\$aY
=LEO  \\$aMP10.0000629611
=LKR  \\$aPAR$b011743549$lBLL01$r776$mCardiac electrophysiology review (Online)$nCardiac electrophysiology review (Print)
=MNI  \\$a1385-2264
=SID  \\$aZ39$bOCLC
=SRC  \\$aDSS01$bbibmp10.200404.2.aa
=TCO  \\$aNLD$bSTICHTING REPRORECHT$c008
=TCO  \\$aCLA$bCLA$c008
=TOC  \\$aETOC
=UNO  \\$aY
=ACF  \\$aPrevious copyright fee: GBP21.25$c4\5$e01-jan-2009$fGBP21.25$g0$hP$5Uk
=ACF  \\$aPrevious Copyright Fee: GBP16.75$c4\5$e01-jan-2007$fGBP16.75$g0$hP$5Uk
=ACF  \\$aPrevious copyright fee: GBP16.22$c4\5$e01-oct-2006$fGBP16.22$g0$hP$5Uk
=ACF  \\$aPrevious copyright fee: GBP17.14$c4\5$e01-apr-2006$fGBP17.14$g0$hP$5Uk
=ACF  \\$aPrevious copyright fee: GBP16.67$c4\5$e01-jan-2006$fGBP16.67$g0$hP$5Uk
=ACF  \\$aPrevious copyright fee: GBP16.22$c4\5$e01-apr-2005$fGBP16.22$g0$hP$5Uk
=ACF  \\$aPrevious copyright fee: GBP16.67$c4\5$e01-jan-2005$fGBP16.67$g0$hP$5Uk
=ACF  \\$aPrevious copyright fee: GBP13.51$c4\5$e01-apr-2004$fGBP13.51$g0$hP$5Uk
=ACF  \\$aCurrent copyright fee: GBP14.71$c4\5$e01-jan-2004$fGBP14.71$g0$hP$5Uk
=ACF  \\$aCurrent copyright fee: GBP15.63$c4\5$e01-jan-2003$fGBP15.63$g0$hP$5Uk
=ACF  \\$aPrevious copyright fee: GBP22.00$c4\5$e01-apr-2009$fGBP22.00$g0$hP$5Uk
=ACF  \\$aPrevious copyright fee: GBP22.00$c4\5$e12-aug-2012$fGBP22.00$g0$hP$5Uk
=ACF  \\$aPrevious copyright fee: GBP25.00$c4\5$e01-jan-2013$fGBP25.00$g0$hP$5Uk
=ACF  \\$aPrevious copyright fee: GBP25.77$c4\5$e01-jul-2013$fGBP25.77$g0$hP$5Uk
=ACF  \\$aPrevious copyright fee: GBP24.97$c4\5$e01-jan-2014$fGBP24.97$g0$hP$5Uk
=ACF  \\$aPrevious copyright fee: GBP24.21$c4\5$e01-jul-2014$fGBP24.21$g0$hP$5Uk
=ACF  \\$aPrevious copyright fee: GBP25.77$c4\5$e01-apr-2015$fGBP25.77$g0$hP$5Uk
=ACF  \\$aPrevious copyright fee: GBP26.63$c4\5$e01-jul-2015$fGBP26.63$g0$hP$5Uk
=ACF  \\$aPrevious copyright fee: GBP25.77$c4\5$e01-oct-2015$fGBP25.77$g0$hP$5Uk
=ACF  \\$aPrevious copyright fee: GBP27.55$c4\5$e01-apr-2016$fGBP27.55$g0$hP$5Uk
=ACF  \\$aPrevious copyright fee: GBP29.59$c4\5$e01-oct-2016$fGBP29.59$g0$hP$5Uk
=ACF  \\$aPrevious copyright fee: GBP31.96$c4\5$e01-apr-2017$fGBP31.96$g0$hP$5Uk
=ACF  \\$aPrevious copyright fee: GBP30.73$c4\5$e01-oct-2017$fGBP30.73$g0$hP$5Uk
=ACF  \\$aPrevious copyright fee: GBP28.54$c4\5$e01-apr-2018$fGBP28.54$g0$hP$5Uk
=LAS  \\$aIPL-CLA$b00$c20221231$lBLL01$h1444

