=LDR  06696cas a2201417 a 4500
=001  012432399
=003  Uk
=005  20221231203648.0
=006  m\\\\\o\\d\\\\\\\\
=007  cr\mnu||||||||
=008  000818c19919999nyubr\pso\\\\\0\\\a0eng\c
=FMT  \\$a  SE
=010  \\$a2005233983
=019  c\$a102441416
=022  \\$a1573-3319$l1053-1890$y1053-1890
=035  \\$a(OCoLC)44814633$z(OCoLC)45253942$z(OCoLC)177650415$z(OCoLC)223967650
=040  \\$aOH1$beng$cOH1$dOCLCQ$dGUA$dAU@$dPFM$dU9S$dOCLCQ$dBUF$dUk
=042  \\$aukblsr
=050  14$aHV701
=082  04$a362.7$222
=130  0\$aChild & youth care forum (Online)
=210  0\$aChild youth care forum$b(Dordr., Online)
=222  \0$aChild & youth care forum$b(Dordrecht. Online)
=245  10$aChild & youth care forum$h[electronic resource].
=246  3\$aChild and youth care forum
=260  \\$a[New York] :$bHuman Sciences Press
=260  3\$3<Oct. 2004- >:$a[New York] :$bSpringer US
=310  \\$aBimonthly
=336  \\$atext$2rdacontent
=337  \\$acomputer$2rdamedia
=338  \\$aonline resource$2rdacarrier
=362  1\$aPrint began with v. 20, no. 1 (Feb. 1991).
=595  \\$aFORMERLY 3172.9159 UP TO VOL. 19, 1990 SEE ALSO CARD INDEX.
=538  \\$aMode of access: World Wide Web.
=588  \\$aDescription based on: Vol. 27, no. 4 (Aug. 1998); title from pdf image of running title (SpringerLink, viewed July 20, 2005).
=588  \\$aLatest issue consulted: Vol. 41, issue 6 (Dec. 2012) (viewed Dec. 5, 2012).
=540  \\$aCurrent copyright fee: GBP29.95$c22\1$5Uk
=690  7\$aSocial Welfare$2blcoll
=650  \0$aChild welfare$vPeriodicals.
=650  \0$aDay care centers$vPeriodicals.
=650  \0$aChildren$xInstitutional care$vPeriodicals.
=650  \2$aChild Care$vPeriodicals.
=650  \2$aChild Day Care Centers$vPeriodicals.
=650  \2$aDay Care$vPeriodicals.
=650  \2$aResidential Treatment$vPeriodicals.
=655  \0$aElectronic journals.
=776  08$iPrint version:$tChild & youth care forum$x1053-1890
=780  00$tChild & youth care quarterly
=856  \\$31850-9999$uhttp://www.springer.com/gb/$xBLDSS
=856  4\$uhttp://firstsearch.oclc.org$zAddress for accessing the journal using authorization number and password through OCLC FirstSearch Electronic Collections Online
=856  4\$uhttp://firstsearch.oclc.org/journal=1053-1890;screen=info;ECOIP$zAddress for accessing the journal from an authorized IP address through OCLC FirstSearch Electronic Collections Online
=856  40$uhttp://link.springer.com/journal/10566
=856  40$uhttp://rave.ohiolink.edu/ejournals/issn/10531890/$zConnect to Child & youth care forum
=856  40$uhttp://www.springerlink.com/openurl.asp?genre=journal&issn=1053-1890
=859  \\$aXLD$bejournal
=852  41$aBritish Library$bDSC$j3172.915800$3Volume 27:Issue 4(1998)-Volume 47:Issue 2(2018)***See ESTAR for full holdings.
=945  \\$aCHILD AND YOUTH CARE FORUM.
=959  \\$fHeld but not currently received
=979  \\$aBritish Library$bDSC$j3172.915800
=985  \\$aCorrected by MS generated file for WR# 12.018
=A02  \\$a102441416
=CAT  \\$aCONV$b00$c20040425$lBLL90$h0712
=CAT  \\$aIPL-CLA$c20150331$lBLL01$h1633
=CAT  \\$aBATCH-UPD$b00$c20150520$lBLL01$h1841
=CAT  \\$aIPL-CLA$c20150630$lBLL01$h1642
=CAT  \\$aBATCH-UPD$b00$c20150820$lBLL01$h1922
=CAT  \\$aIPL-CLA$c20150930$lBLL01$h1800
=CAT  \\$aBATCH-UPD$b00$c20160217$lBLL01$h1817
=CAT  \\$aIPL-CLA$c20160331$lBLL01$h1721
=CAT  \\$aBATCH-UPD$b00$c20160524$lBLL01$h2156
=CAT  \\$aBATCH-UPD$b00$c20160524$lBLL01$h2244
=CAT  \\$aBATCH-UPD$b00$c20160824$lBLL01$h1843
=CAT  \\$aIPL-CLA$c20160930$lBLL01$h1558
=CAT  \\$aBATCH-UPD$b00$c20170216$lBLL01$h1925
=CAT  \\$aIPL-CLA$c20170331$lBLL01$h1840
=CAT  \\$aBATCH-UPD$b00$c20170904$lBLL01$h1946
=CAT  \\$aIPL-CLA$c20170929$lBLL01$h1724
=CAT  \\$aBATCH-UPD$b00$c20180223$lBLL01$h1826
=CAT  \\$aIPL-CLA$c20180331$lBLL01$h1615
=CAT  \\$aW1805-0475$c20180520$lBLL01$h1631
=CAT  \\$aBATCH-UPD$b00$c20180524$lBLL01$h1743
=CAT  \\$aIPL-CLA$c20180630$lBLL01$h1914
=CAT  \\$aW1908-0780$b00$c20200730$lBLL01$h1323
=CAT  \\$aCDS21$c20220118$lBLL01$h1104
=CAT  \\$aBATCH-UPD$b00$c20221121$lBLL01$h1359
=CAT  \\$aIPL-CLA$c20221231$lBLL01$h1444
=CAT  \\$a5410$b40$c20221231$lBLL01$h2036
=CFI  0\$aCurrent copyright fee: GBP29.95$c22\1$e01-jan-2023$fGBP29.95$g0$hP$5Uk
=CFI  2\$aPrevious copyright fee: GBP34.00$c22\1$e01-jul-2018$fGBP34.00$g0$hP$5Uk
=EST  \\$a1
=FFP  \\$aY$bBLDSS-3PM
=FIN  \\$aY
=LEO  \\$aMP10.0000629669
=MNI  \\$a1053-1890
=SID  \\$aZ39$bOCLC
=SRC  \\$aDSS01$bbibmp10.200404.2.aa
=TCO  \\$aCLA$bCLA$c008
=TCO  \\$aTRS$bCCC$c008
=TOC  \\$aETOC
=UNO  \\$aY
=ACF  \\$aPrevious copyright fee: GBP16.67$c4\2$e01-jan-2006$fGBP16.67$g0$hP$5Uk
=ACF  \\$aPrevious copyright fee: GBP16.22$c4\2$e01-apr-2005$fGBP16.22$g0$hP$5Uk
=ACF  \\$aPrevious copyright fee: GBP16.67$c4\2$e01-jan-2005$fGBP16.67$g0$hP$5Uk
=ACF  \\$aPrevious copyright fee: GBP13.51$c4\2$e01-apr-2004$fGBP13.51$g0$hP$5Uk
=ACF  \\$aCurrent copyright fee: GBP14.71$c4\2$e01-jan-2004$fGBP14.71$g0$hP$5Uk
=ACF  \\$aCurrent copyright fee: GBP15.63$c4\2$e01-jan-2003$fGBP15.63$g0$hP$5Uk
=ACF  \\$aPrevious copyright fee: GBP17.14$c4\2$e01-apr-2006$fGBP17.14$g0$hP$5Uk
=ACF  \\$aPrevious copyright fee: GBP22.00$c4\2$e12-aug-2012$fGBP22.00$g0$hP$5Uk
=ACF  \\$aPrevious copyright fee: GBP25.00$c4\2$e01-jan-2013$fGBP25.00$g0$hP$5Uk
=ACF  \\$aPrevious copyright fee: GBP25.77$c4\2$e01-jul-2013$fGBP25.77$g0$hP$5Uk
=ACF  \\$aPrevious copyright fee: GBP24.97$c4\2$e01-jan-2014$fGBP24.97$g0$hP$5Uk
=ACF  \\$aPrevious copyright fee: GBP24.21$c4\2$e01-jul-2014$fGBP24.21$g0$hP$5Uk
=ACF  \\$aPrevious copyright fee: GBP25.77$c4\2$e01-apr-2015$fGBP25.77$g0$hP$5Uk
=ACF  \\$aPrevious copyright fee: GBP26.63$c4\2$e01-jul-2015$fGBP26.63$g0$hP$5Uk
=ACF  \\$aPrevious copyright fee: GBP25.77$c4\2$e01-oct-2015$fGBP25.77$g0$hP$5Uk
=ACF  \\$aPrevious copyright fee: GBP27.55$c4\2$e01-apr-2016$fGBP27.55$g0$hP$5Uk
=ACF  \\$aPrevious copyright fee: GBP29.59$c4\2$e01-oct-2016$fGBP29.59$g0$hP$5Uk
=ACF  \\$aPrevious copyright fee: GBP31.96$c4\2$e01-apr-2017$fGBP31.96$g0$hP$5Uk
=ACF  \\$aPrevious copyright fee: GBP30.73$c4\2$e01-oct-2017$fGBP30.73$g0$hP$5Uk
=ACF  \\$aPrevious copyright fee: GBP28.54$c4\2$e01-apr-2018$fGBP28.54$g0$hP$5Uk
=LAS  \\$a5410$b40$c20221231$lBLL01$h2036

