=LDR  06159cas a2201273 a 4500
=001  012432834
=003  Uk
=005  20221231144430.0
=006  m\\\\\o\\d\\\\\\\\
=007  cr\mnu||||||||
=008  040410c19769999ne\mr\p\o\\\\\0\\\a0eng\\
=FMT  \\$a  SE
=019  c\$a102066407
=022  0\$a1573-5133
=040  \\$aUk$cUk$dUk
=042  \\$aukblsr
=082  04$a597$222
=130  0\$aEnvironmental biology of fishes (Online)
=222  \0$aEnvironmental biology of fishes$b(Dordrecht. Online)
=245  10$aEnvironmental biology of fishes$h[electronic resource].
=260  \\$a[Dordrecht] :$bKluwer Academic Publishers
=310  \\$aMonthly
=336  \\$atext$2rdacontent
=337  \\$acomputer$2rdamedia
=338  \\$aonline resource$2rdacarrier
=362  1\$aPrint version began with v. 1 (Aug. 30, 1976).
=515  \\$aSome issues combined.
=530  \\$aAlso issued in print.
=538  \\$aMode of access: World Wide Web.
=540  \\$aCurrent copyright fee: GBP29.95$c22\1$5Uk
=650  \0$aFishes$xEcology$vPeriodicals.
=655  \0$aElectronic journals.
=776  1\$tEnvironmental biology of fishes$x0378-1909
=856  \\$31850-9999$uhttp://www.springer.com/gb/$xBLDSS
=856  40$uhttp://firstsearch.oclc.org$zAddress for accessing the journal using authorization number and password through OCLC FirstSearch Electronic Collections Online
=856  40$uhttp://firstsearch.oclc.org/journal=0378-1909;screen=info;ECOIP$zAddress for accessing the journal from an authorized IP address through OCLC FirstSearch Electronic Collections Online
=856  40$uhttp://www.kluweronline.com/issn/0378-1909/contents
=856  40$uhttp://www.springerlink.com/content/0378-1909
=859  \\$aXLD$bejournal
=852  41$aBritish Library$bDSC$j3791.405000$3Volume 50:Issue 1(1997)-Volume 101:Issue 4(2018)***See ESTAR for full holdings.
=945  \\$aENVIRONMENTAL BIOLOGY OF FISHES.
=959  \\$fHeld but not currently received
=979  \\$aBritish Library$bDSC$j3791.405000
=985  \\$aCorrected by BSS-generated file for WR# 08/157
=985  \\$aCorrected by MS generated file for WR# 12.018
=A02  \\$a102066407
=CAT  \\$aCONV$b00$c20040425$lBLL90$h0712
=CAT  \\$aIPL-CLA$c20150331$lBLL01$h1633
=CAT  \\$aBATCH-UPD$b00$c20150520$lBLL01$h1701
=CAT  \\$aIPL-CLA$c20150630$lBLL01$h1642
=CAT  \\$aBATCH-UPD$b00$c20150820$lBLL01$h1751
=CAT  \\$aIPL-CLA$c20150930$lBLL01$h1800
=CAT  \\$aBATCH-UPD$b00$c20160217$lBLL01$h1637
=CAT  \\$aIPL-CLA$c20160331$lBLL01$h1721
=CAT  \\$aBATCH-UPD$b00$c20160524$lBLL01$h2156
=CAT  \\$aBATCH-UPD$b00$c20160524$lBLL01$h2245
=CAT  \\$aBATCH-UPD$b00$c20160824$lBLL01$h1714
=CAT  \\$aIPL-CLA$c20160930$lBLL01$h1558
=CAT  \\$aBATCH-UPD$b00$c20170216$lBLL01$h1801
=CAT  \\$aIPL-CLA$c20170331$lBLL01$h1840
=CAT  \\$aBATCH-UPD$b00$c20170904$lBLL01$h1803
=CAT  \\$aIPL-CLA$c20170929$lBLL01$h1724
=CAT  \\$aBATCH-UPD$b00$c20180223$lBLL01$h1618
=CAT  \\$aIPL-CLA$c20180331$lBLL01$h1615
=CAT  \\$aW1805-0475$c20180520$lBLL01$h1631
=CAT  \\$aBATCH-UPD$b00$c20180524$lBLL01$h1652
=CAT  \\$aIPL-CLA$c20180630$lBLL01$h1914
=CAT  \\$aW1908-0780$b00$c20200730$lBLL01$h1323
=CAT  \\$aCDS21$c20220118$lBLL01$h1104
=CAT  \\$aBATCH-UPD$b00$c20221121$lBLL01$h1359
=CAT  \\$a5410$b40$c20221217$lBLL01$h1207
=CAT  \\$aIPL-CLA$c20221231$lBLL01$h1444
=CFI  0\$aCurrent copyright fee: GBP29.95$c22\1$e01-jan-2023$fGBP29.95$g0$hP$5Uk
=CFI  2\$aPrevious copyright fee: GBP34.00$c22\1$e01-jul-2018$fGBP34.00$g0$hP$5Uk
=EST  \\$a1
=FFP  \\$aY$bBLDSS-3PM
=FIN  \\$aY
=LEO  \\$aMP10.0000630104
=LKR  \\$aPAR$b007853529$lBLL01$r7761$mEnvironmental biology of fishes (Online)$nEnvironmental biology of fishes
=MNI  \\$a0378-1909
=SRC  \\$aDSS01$bbibmp10.200404.2.aa
=TCO  \\$aNLD$bSTICHTING REPRORECHT$c008
=TOC  \\$aETOC
=UNO  \\$aY
=ACF  \\$aPrevious copyright fee: GBP21.25$c13\1$e01-jan-2009$fGBP21.25$g0$hP$5Uk
=ACF  \\$aPrevious copyright fee: GBP16.75$c13\1$e01-jan-2007$fGBP16.75$g0$hP$5Uk
=ACF  \\$aPrevious copyright fee: GBP16.22$c13\1$e01-oct-2006$fGBP16.22$g0$hP$5Uk
=ACF  \\$aPrevious copyright fee: GBP17.14$c13\1$e01-apr-2006$fGBP17.14$g0$hP$5Uk
=ACF  \\$aPrevious copyright fee: GBP16.67$c13\1$e01-jan-2006$fGBP16.67$g0$hP$5Uk
=ACF  \\$aPrevious copyright fee: GBP16.22$c13\1$e01-apr-2005$fGBP16.22$g0$hP$5Uk
=ACF  \\$aPrevious copyright fee: GBP16.67$c13\1$e01-jan-2005$fGBP16.67$g0$hP$5Uk
=ACF  \\$aPrevious copyright fee: GBP13.51$c13\1$e01-apr-2004$fGBP13.51$g0$hP$5Uk
=ACF  \\$aCurrent copyright fee: GBP14.71$c13\1$e01-jan-2004$fGBP14.71$g0$hP$5Uk
=ACF  \\$aCurrent copyright fee: GBP15.63$c13\1$e01-jan-2003$fGBP15.63$g0$hP$5Uk
=ACF  \\$aPrevious copyright fee: GBP22.00$c13\1$e01-apr-2009$fGBP22.00$g0$hP$5Uk
=ACF  \\$aPrevious copyright fee: GBP22.00$c13\1$e12-aug-2012$fGBP22.00$g0$hP$5Uk
=ACF  \\$aPrevious copyright fee: GBP25.00$c13\1$e01-jan-2013$fGBP25.00$g0$hP$5Uk
=ACF  \\$aPrevious copyright fee: GBP25.77$c13\1$e01-jul-2013$fGBP25.77$g0$hP$5Uk
=ACF  \\$aPrevious copyright fee: GBP24.97$c13\1$e01-jan-2014$fGBP24.97$g0$hP$5Uk
=ACF  \\$aPrevious copyright fee: GBP24.21$c13\1$e01-jul-2014$fGBP24.21$g0$hP$5Uk
=ACF  \\$aPrevious copyright fee: GBP25.77$c13\1$e01-apr-2015$fGBP25.77$g0$hP$5Uk
=ACF  \\$aPrevious copyright fee: GBP26.63$c13\1$e01-jul-2015$fGBP26.63$g0$hP$5Uk
=ACF  \\$aPrevious copyright fee: GBP25.77$c13\1$e01-oct-2015$fGBP25.77$g0$hP$5Uk
=ACF  \\$aPrevious copyright fee: GBP27.55$c13\1$e01-apr-2016$fGBP27.55$g0$hP$5Uk
=ACF  \\$aPrevious copyright fee: GBP29.59$c13\1$e01-oct-2016$fGBP29.59$g0$hP$5Uk
=ACF  \\$aPrevious copyright fee: GBP31.96$c13\1$e01-apr-2017$fGBP31.96$g0$hP$5Uk
=ACF  \\$aPrevious copyright fee: GBP30.73$c13\1$e01-oct-2017$fGBP30.73$g0$hP$5Uk
=ACF  \\$aPrevious copyright fee: GBP28.54$c13\1$e01-apr-2018$fGBP28.54$g0$hP$5Uk
=LAS  \\$aIPL-CLA$b00$c20221231$lBLL01$h1444

