=LDR  07086cas a2201429 a 4500
=001  012433077
=003  Uk
=005  20221231144431.0
=006  m\\\\\\\\d\\\\\\\\
=007  cr\mnu||||||||
=008  990618d19902004ne\fr\poo\\\\\0\\\a0eng\c
=FMT  \\$a  SE
=010  \\$a2007233491
=019  c\$a102431525
=022  \\$a1573-6954$l0926-4957$y0926-4957
=030  \\$aGPRTED
=035  \\$a(OCoLC)41570656$z(OCoLC)61677375
=040  \\$aF#A$cF#A$dOCLCQ$dMUQ$dOCLCQ$dOCL$dGUA$dUQ1$dOCLCQ$dNLGGC$dGUA$dQCL$dOCLCQ$dUk
=042  \\$aukblsr
=050  14$aHG8015
=082  04$a368.005$223
=130  0\$aGeneva papers on risk and insurance theory (Online)
=222  \4$aThe GENEVA papers on risk and insurance theory$b(Dordrecht. Online)
=245  14$aThe Geneva papers on risk and insurance theory$h[electronic resource].
=260  \\$a[Dordrecht :$bKluwer]
=310  \\$aSemiannual
=336  \\$atext$2rdacontent
=337  \\$acomputer$2rdamedia
=338  \\$aonline resource$2rdacarrier
=362  1\$aBegan with issue for Mar. 1990; ceased with v. 29, no. 2 (Dec. 2004).
=595  \\$aSee also Serial Records USC and LULS.
=580  \\$aPrint continues in part: Geneva papers on risk and insurance.
=588  \\$aFinal issue consulted.
=588  \\$aDescription based on: Vol. 22, no. 1 (June 1997); title from contents screen (SpringerLink, viewed July 20, 2007).
=550  \\$aSponsored by the Geneva Association.
=540  \\$aCurrent copyright fee: GBP29.95$c22\1$5Uk
=650  \0$aInsurance$vPeriodicals.
=650  \0$aRisk (Insurance)$vPeriodicals.
=650  \6$aAssurance$vPériodiques.
=650  \6$aRisque (Assurance)$vPériodiques.
=650  17$aAssurance.$2rasuqam
=650  17$aRisque (Assurance)$2rasuqam
=650  17$aVerzekeringswezen.$2gtt
=655  \7$aPériodique électronique (Descripteur de forme)$2rasuqam
=655  \7$aRessource Internet (Descripteur de forme)$2rasuqam
=690  7\$aManagement and Business Studies$2blcoll
=710  2\$aInternational Association for the Study of Insurance Economics.
=776  08$iPrint version:$tGeneva papers on risk and insurance theory$x0926-4957
=785  00$tGeneva risk and insurance review (Online)$x1554-9658
=856  \\$31850-9999$uhttp://www.springer.com/gb/$xBLDSS
=856  40$uhttp://firstsearch.oclc.org$zAddress for accessing the journal using authorization number and password through OCLC FirstSearch Electronic Collections Online
=856  40$uhttp://firstsearch.oclc.org/journal=0926-4957;screen=info;ECOIP$zAddress for accessing the journal from an authorized IP address through OCLC FirstSearch Electronic Collections Online
=856  40$uhttp://www.springerlink.com/content/0926-4957/
=856  40$uhttp://www.springerlink.com/content/102897
=859  \\$aXLD$bejournal
=852  41$aBritish Library$bDSC$j4115.562000$3sep-2000 VOL 25 PART 1-Volume 29:Part 2(2004)***See ESTAR for full holdings.
=945  \\$aGeneva papers on risk and insurance theory
=959  \\$fHeld but not currently received
=CAT  \\$aCONV$b00$c20040425$lBLL90$h0712
=CAT  \\$aBLDSS-3PM$b00$c20150103$lBLL01$h1043
=CAT  \\$aBATCH-UPD$b00$c20150219$lBLL01$h1940
=CAT  \\$aIPL-CLA$c20150331$lBLL01$h1633
=CAT  \\$aBATCH-UPD$b00$c20150520$lBLL01$h1933
=CAT  \\$aIPL-CLA$c20150630$lBLL01$h1643
=CAT  \\$aBATCH-UPD$b00$c20150820$lBLL01$h2002
=CAT  \\$aIPL-CLA$c20150930$lBLL01$h1800
=CAT  \\$aBATCH-UPD$b00$c20160217$lBLL01$h1900
=CAT  \\$aIPL-CLA$c20160331$lBLL01$h1721
=CAT  \\$aBATCH-UPD$b00$c20160524$lBLL01$h2156
=CAT  \\$aBATCH-UPD$b00$c20160524$lBLL01$h2245
=CAT  \\$aBATCH-UPD$b00$c20160824$lBLL01$h1921
=CAT  \\$aIPL-CLA$c20160930$lBLL01$h1559
=CAT  \\$aBATCH-UPD$b00$c20170216$lBLL01$h2008
=CAT  \\$aIPL-CLA$c20170331$lBLL01$h1841
=CAT  \\$aBATCH-UPD$b00$c20170904$lBLL01$h2040
=CAT  \\$aIPL-CLA$c20170929$lBLL01$h1724
=CAT  \\$aBATCH-UPD$b00$c20180223$lBLL01$h1938
=CAT  \\$aIPL-CLA$c20180331$lBLL01$h1615
=CAT  \\$aBATCH-UPD$b00$c20180524$lBLL01$h1812
=CAT  \\$aIPL-CLA$c20180630$lBLL01$h1914
=CAT  \\$aW1908-0780$b00$c20200730$lBLL01$h1324
=CAT  \\$aCDS21$c20220118$lBLL01$h1104
=CAT  \\$aBATCH-UPD$b00$c20221121$lBLL01$h1359
=CAT  \\$aIPL-CLA$c20221231$lBLL01$h1444
=CFI  0\$aCurrent copyright fee: GBP29.95$c22\1$e01-jan-2023$fGBP29.95$g0$hP$5Uk
=CFI  2\$aPrevious copyright fee: GBP34.00$c22\1$e01-jul-2018$fGBP34.00$g0$hP$5Uk
=EST  \\$a1
=FFP  \\$aY$bBLDSS-3PM
=FIN  \\$aY
=LEO  \\$aMP10.0000630347
=LKR  \\$aPAR$b008541114$lBLL01$r776$mThe Geneva papers on risk and insurance theory (Online)$nGeneva papers on risk and insurance theory (Print).
=MNI  \\$a0926-4957
=SID  \\$aZ39$bOCLC
=SRC  \\$aDSS01$bbibmp10.200404.2.aa
=TCO  \\$aNLD$bSTICHTING REPRORECHT$c008
=TOC  \\$aETOC
=UNO  \\$aY
=ACF  \\$aPrevious copyright fee: GBP21.25$c4\5$e01-jan-2009$fGBP21.25$g0$hP$5Uk
=ACF  \\$aPrevious copyright fee: GBP16.75$c4\5$e01-jan-2007$fGBP16.75$g0$hP$5Uk
=ACF  \\$aPrevious copyright fee: GBP16.22$c4\5$e01-oct-2006$fGBP16.22$g0$hP$5Uk
=ACF  \\$aPrevious copyright fee: GBP17.14$c4\5$e01-apr-2006$fGBP17.14$g0$hP$5Uk
=ACF  \\$aPrevious copyright fee: GBP16.67$c4\5$e01-jan-2006$fGBP16.67$g0$hP$5Uk
=ACF  \\$aPrevious copyright fee: GBP16.22$c4\5$e01-apr-2005$fGBP16.22$g0$hP$5Uk
=ACF  \\$aPrevious copyright fee: GBP16.67$c4\5$e01-jan-2005$fGBP16.67$g0$hP$5Uk
=ACF  \\$aPrevious copyright fee: GBP13.51$c4\5$e01-apr-2004$fGBP13.51$g0$hP$5Uk
=ACF  \\$aCurrent copyright fee: GBP14.71$c4\5$e01-jan-2004$fGBP14.71$g0$hP$5Uk
=ACF  \\$aCurrent copyright fee: GBP15.63$c4\5$e01-jan-2003$fGBP15.63$g0$hP$5Uk
=ACF  \\$aPrevious copyright fee: GBP22.00$c4\5$e01-apr-2009$fGBP22.00$g0$hP$5Uk
=ACF  \\$aPrevious copyright fee: GBP22.00$c4\5$e12-aug-2012$fGBP22.00$g0$hP$5Uk
=ACF  \\$aPrevious copyright fee: GBP25.00$c4\5$e01-jan-2013$fGBP25.00$g0$hP$5Uk
=ACF  \\$aPrevious copyright fee: GBP25.77$c4\5$e01-jul-2013$fGBP25.77$g0$hP$5Uk
=ACF  \\$aPrevious copyright fee: GBP24.97$c4\5$e01-jan-2014$fGBP24.97$g0$hP$5Uk
=ACF  \\$aPrevious copyright fee: GBP24.21$c4\5$e01-jul-2014$fGBP24.21$g0$hP$5Uk
=ACF  \\$aPrevious copyright fee: GBP25.77$c4\5$e01-apr-2015$fGBP25.77$g0$hP$5Uk
=ACF  \\$aPrevious copyright fee: GBP26.63$c4\5$e01-jul-2015$fGBP26.63$g0$hP$5Uk
=ACF  \\$aPrevious copyright fee: GBP25.77$c4\5$e01-oct-2015$fGBP25.77$g0$hP$5Uk
=ACF  \\$aPrevious copyright fee: GBP27.55$c4\5$e01-apr-2016$fGBP27.55$g0$hP$5Uk
=ACF  \\$aPrevious copyright fee: GBP29.59$c4\5$e01-oct-2016$fGBP29.59$g0$hP$5Uk
=ACF  \\$aPrevious copyright fee: GBP31.96$c4\5$e01-apr-2017$fGBP31.96$g0$hP$5Uk
=ACF  \\$aPrevious copyright fee: GBP30.73$c4\5$e01-oct-2017$fGBP30.73$g0$hP$5Uk
=ACF  \\$aPrevious copyright fee: GBP28.54$c4\5$e01-apr-2018$fGBP28.54$g0$hP$5Uk
=LAS  \\$aIPL-CLA$b00$c20221231$lBLL01$h1444

