=LDR  07555cas a2201525 a 4500
=001  012433693
=003  Uk
=005  20230121182318.0
=006  m\\\\\o\\d\\\\\\\\
=007  cr\mnu||||||||
=008  000522c19769999nyubr\pso\\\\\0\\\a0eng\c
=FMT  \\$a  SE
=010  \\$a  2004233363
=019  c\$a102093269
=022  0\$a1573-6881$l0145-479X$2j
=035  \\$a(OCoLC)44094716$z(OCoLC)44169484$z(OCoLC)300538178
=040  \\$aOH1$beng$cOH1$dOCL$dOCLCQ$dGUA$dF#A$dOCLCQ$dOCL$dPFM$dU9S$dSERSO$dOCLCQ$dCUD$dCSU$dOCLCO$dOCLCQ$dBUF$dOCLCQ$dOCLCF$dOCLCQ$dUk
=042  \\$aukblsr
=050  14$aQH511.A1
=082  04$a572.43$223
=130  0\$aJournal of bioenergetics and biomembranes (Online)
=210  1\$aJ. bioenerg. biomembranes$b(Dordr., Online)
=222  \0$aJournal of bioenergetics and biomembranes$b(Dordrecht. Online)
=245  10$aJournal of bioenergetics and biomembranes.
=260  \\$aNew York, NY :$bKluwer Academic/Plenum Publishers
=260  3\$3Aug. 2004- :$a[New York] :$bSpringer US
=310  \\$aBimonthly
=336  \\$atext$btxt$2rdacontent
=337  \\$acomputer$bc$2rdamedia
=338  \\$aonline resource$bcr$2rdacarrier
=362  1\$aPrint began with v. 8, no. 3 (July 1976).
=595  \\$aFORMERLY 4952.8 UP TO VOL. 8(2), 1976.
=538  \\$aMode of access: World Wide Web.
=580  \\$aIncludes issues of earlier title: Journal of bioenergetics.
=588  \\$aDescription based on: Vol. 29, issue 1 (Feb. 1997); title from contents screen (publisher's Web site, viewed Mar. 2, 2004).
=588  \\$aLatest issue consulted: Volume 48, issue 3 (June 2016) (SpringerLink, viewed September 7, 2016).
=540  \\$aCurrent copyright fee: GBP29.95$c22\1$5Uk
=650  \0$aBioenergetics$vPeriodicals.
=650  \0$aMembranes (Biology)$vPeriodicals.
=650  \2$aEnergy Metabolism.
=650  \2$aMembranes.
=650  \2$aBiological Transport.
=650  \6$aBioénergétique$xPériodiques.
=650  \6$aMembranes (Biologie)$xPériodiques.
=650  \7$aBioenergetics.$2fast$0(OCoLC)fst00832018
=650  \7$aMembranes (Biology)$2fast$0(OCoLC)fst01015860
=655  \0$aElectronic journals.
=655  \2$aPeriodicals.
=655  \7$aPeriodicals.$2fast$0(OCoLC)fst01411641
=776  08$iPrint version:$tJournal of bioenergetics and biomembranes$x0145-479X
=780  10$tJournal of bioenergetics (Online)
=856  \\$31850-9999$uhttp://www.springer.com/gb/$xBLDSS
=856  40$uhttp://link.springer.com/journal/volumesAndIssues/10863
=856  40$uhttp://firstsearch.oclc.org$zAddress for accessing the journal using authorization number and password through OCLC FirstSearch Electronic Collections Online
=856  40$uhttp://firstsearch.oclc.org/journal=0145-479x;screen=info;ECOIP$zAddress for accessing the journal from an authorized IP address through OCLC FirstSearch Electronic Collections Online
=856  4\$uhttp://www.kluweronline.com/issn/0145-479X/contents$zLink no longer valid as of Feb. 11, 2013:
=859  \\$aXLD$bejournal
=852  41$aBritish Library$bDSC$j4952.820000$3Volume 29:Issue 1(1997)-Volume 50:Issue 1(2018)***See ESTAR for full holdings.
=945  \\$aJournal of bioenergetics and biomembranes
=959  \\$fHeld but not currently received
=963  \\$aVOL. 8(3), 1976- 9, 1977 *A=1$bY$cP379.B.250
=979  \\$aBritish Library$bDSC$j4952.820000
=985  \\$aCorrected by BSS-generated file for WR# 08/157
=A02  \\$a102093269
=CAT  \\$aCONV$b00$c20040425$lBLL90$h0713
=CAT  \\$aIPL-CLA$c20150331$lBLL01$h1634
=CAT  \\$aBATCH-UPD$b00$c20150520$lBLL01$h1929
=CAT  \\$aIPL-CLA$c20150630$lBLL01$h1643
=CAT  \\$aBATCH-UPD$b00$c20150820$lBLL01$h1959
=CAT  \\$aIPL-CLA$c20150930$lBLL01$h1800
=CAT  \\$aBATCH-UPD$b00$c20160217$lBLL01$h1857
=CAT  \\$aIPL-CLA$c20160331$lBLL01$h1721
=CAT  \\$aBATCH-UPD$b00$c20160524$lBLL01$h2156
=CAT  \\$aBATCH-UPD$b00$c20160524$lBLL01$h2245
=CAT  \\$aBATCH-UPD$b00$c20160824$lBLL01$h1916
=CAT  \\$a8124$b40$c20160907$lBLL01$h1230
=CAT  \\$aIPL-CLA$c20160930$lBLL01$h1559
=CAT  \\$aBATCH-UPD$b00$c20170216$lBLL01$h2001
=CAT  \\$aIPL-CLA$c20170331$lBLL01$h1841
=CAT  \\$aBATCH-UPD$b00$c20170904$lBLL01$h2032
=CAT  \\$aIPL-CLA$c20170929$lBLL01$h1725
=CAT  \\$aBATCH-UPD$b00$c20180223$lBLL01$h1931
=CAT  \\$aIPL-CLA$c20180331$lBLL01$h1615
=CAT  \\$aW1805-0475$c20180520$lBLL01$h1631
=CAT  \\$aBATCH-UPD$b00$c20180524$lBLL01$h1811
=CAT  \\$aIPL-CLA$c20180630$lBLL01$h1914
=CAT  \\$aW1908-0780$b00$c20200730$lBLL01$h1324
=CAT  \\$aCDS21$c20220118$lBLL01$h1104
=CAT  \\$aBATCH-UPD$b00$c20221121$lBLL01$h1359
=CAT  \\$aIPL-CLA$c20221231$lBLL01$h1444
=CAT  \\$a5410$b40$c20230121$lBLL01$h1823
=CFI  0\$aCurrent copyright fee: GBP29.95$c22\1$e01-jan-2023$fGBP29.95$g0$hP$5Uk
=CFI  2\$aPrevious copyright fee: GBP34.00$c22\1$e01-jul-2018$fGBP34.00$g0$hP$5Uk
=EST  \\$a1
=FFP  \\$aY$bBLDSS-3PM
=FIN  \\$aY
=LEO  \\$aMP10.0000630963
=LKR  \\$aPAR$b010488259$lBLL01$nJournal of bioenergetics and biomembranes (Print)$mJournal of bioenergetics and biomembranes (Online)$r776
=MNI  \\$a0145-479X
=SID  \\$aZ39$bOCLC
=SRC  \\$aDSS01$bbibmp10.200404.2.aa
=TCO  \\$aNLD$bSTICHTING REPRORECHT$c008
=TCO  \\$aCLA$bCLA$c008
=TOC  \\$aETOC
=UNO  \\$aY
=ACF  \\$aPrevious copyright fee: GBP21.25$c4\4$e01-jan-2009$fGBP21.25$g0$hP$5Uk
=ACF  \\$aPrevious copyright fee: GBP16.75$c4\4$e01-jan-2007$fGBP16.75$g0$hP$5Uk
=ACF  \\$aPrevious copyright fee: GBP16.22$c4\4$e01-oct-2006$fGBP16.22$g0$hP$5Uk
=ACF  \\$aPrevious copyright fee: GBP17.14$c4\4$e01-apr-2006$fGBP17.14$g0$hP$5Uk
=ACF  \\$aPrevious copyright fee: GBP16.67$c4\4$e01-jan-2006$fGBP16.67$g0$hP$5Uk
=ACF  \\$aPrevious copyright fee: GBP16.22$c4\4$e01-apr-2005$fGBP16.22$g0$hP$5Uk
=ACF  \\$aPrevious copyright fee: GBP16.67$c4\4$e01-jan-2005$fGBP16.67$g0$hP$5Uk
=ACF  \\$aPrevious copyright fee: GBP13.51$c4\4$e01-apr-2004$fGBP13.51$g0$hP$5Uk
=ACF  \\$aCurrent copyright fee: GBP14.71$c4\4$e01-jan-2004$fGBP14.71$g0$hP$5Uk
=ACF  \\$aCurrent copyright fee: GBP15.63$c4\4$e01-jan-2003$fGBP15.63$g0$hP$5Uk
=ACF  \\$aPrevious copyright fee: GBP22.00$c4\4$e01-apr-2009$fGBP22.00$g0$hP$5Uk
=ACF  \\$aPrevious copyright fee: GBP22.00$c4\4$e12-aug-2012$fGBP22.00$g0$hP$5Uk
=ACF  \\$aPrevious copyright fee: GBP25.00$c4\4$e01-jan-2013$fGBP25.00$g0$hP$5Uk
=ACF  \\$aPrevious copyright fee: GBP25.77$c4\4$e01-jul-2013$fGBP25.77$g0$hP$5Uk
=ACF  \\$aPrevious copyright fee: GBP24.97$c4\4$e01-jan-2014$fGBP24.97$g0$hP$5Uk
=ACF  \\$aPrevious copyright fee: GBP24.21$c4\4$e01-jul-2014$fGBP24.21$g0$hP$5Uk
=ACF  \\$aPrevious copyright fee: GBP25.77$c4\4$e01-apr-2015$fGBP25.77$g0$hP$5Uk
=ACF  \\$aPrevious copyright fee: GBP26.63$c4\4$e01-jul-2015$fGBP26.63$g0$hP$5Uk
=ACF  \\$aPrevious copyright fee: GBP25.77$c4\4$e01-oct-2015$fGBP25.77$g0$hP$5Uk
=ACF  \\$aPrevious copyright fee: GBP27.55$c4\4$e01-apr-2016$fGBP27.55$g0$hP$5Uk
=ACF  \\$aPrevious copyright fee: GBP29.59$c4\4$e01-oct-2016$fGBP29.59$g0$hP$5Uk
=ACF  \\$aPrevious copyright fee: GBP31.96$c4\4$e01-apr-2017$fGBP31.96$g0$hP$5Uk
=ACF  \\$aPrevious copyright fee: GBP30.73$c4\4$e01-oct-2017$fGBP30.73$g0$hP$5Uk
=ACF  \\$aPrevious copyright fee: GBP28.54$c4\4$e01-apr-2018$fGBP28.54$g0$hP$5Uk
=LAS  \\$a5410$b40$c20230121$lBLL01$h1823

