=LDR  06339cas a2201357 a 4500
=001  012433873
=003  Uk
=005  20230224155030.0
=006  m\\\\\o\\d\\\\\\\\
=007  cr\|||||||||||
=008  031012c19979999gw\mr\pso\\\\\0\\\a0eng\c
=FMT  \\$a  SE
=010  \\$a  2006215794
=016  \\$a012433873
=019  c\$a102559025
=022  \\$a1873-4626$l1091-255X
=035  \\$a(OCoLC)53184588$z(OCoLC)47241516
=040  \\$aEBV$beng$cEBV$dOCLCQ$dOH1$dNSD$dCUS$dMUQ$dOCL$dOCLCQ$dUKMGB$dOCLCQ$dBUF$dOCLCQ$dOCLCO$dOCLCQ$dUk
=042  \\$ansdp$aukblsr
=050  14$aRC799
=082  04$a617.43$223
=130  0\$aJournal of gastrointestinal surgery (Online)
=210  10$aJ. gastrointest. surg.
=222  \0$aJournal of gastrointestinal surgery$b(Online)
=245  10$aJournal of gastrointestinal surgery.
=260  \\$3-2006 :$aAmsterdam ;$aNew York :$bElsevier Science,$c1997-
=260  3\$32007- :$a[Germany] :$bSpringer-Verlag
=310  \\$aMonthly,$b2007-
=321  \\$aFrequency varies,$b1997-2006
=336  \\$atext$2rdacontent
=337  \\$acomputer$2rdamedia
=338  \\$aonline resource$2rdacarrier
=362  1\$aPrint began with vol. 1, no. 1 (Jan./Feb. 1997).
=525  \\$aHas occasional supplements.
=538  \\$aMode of access: World Wide Web.
=550  \\$aOfficial journal of the Society for Surgery of the Alimentary Tract.
=588  \\$aDescription based on: Vol. 1, no. 1 (Jan.-Feb. 1997); title from SpringerLink introductory page, viewed Oct. 12, 2003.
=588  \\$aLatest issue consulted: Vol. 17, issue 3 (Mar. 2013) (viewed Feb. 13, 2013).
=540  \\$aCurrent copyright fee: GBP34.95$c22\1$5Uk
=650  \0$aGastrointestinal system$xSurgery$vPeriodicals.
=650  \0$aGastrointestinal system$xDiseases$xSurgery$vPeriodicals.
=650  \2$aGastrointestinal Diseases$xsurgery.
=650  \6$aTractus gastro-intestinal$xChirurgie$vPériodiques.
=655  \2$aPeriodicals.
=710  2\$aSociety for Surgery of the Alimentary Tract.
=776  08$iPrint version:$tJournal of gastrointestinal surgery$x1091-255X
=856  \\$31850-9999$uhttp://www.springer.com/gb/$xBLDSS
=856  40$uhttp://link.springer.com/journal/11605
=856  40$uhttp://www.sciencedirect.com/science/journal/1091255X$z1997-2006:
=859  \\$aXLD$bejournal
=852  41$aBritish Library$bDSC$j4987.625000$3feb-1997 VOL 1 PART 1-Volume 22:Issue 3(2018)***See ESTAR for full holdings.
=945  \\$aJournal of gastrointestinal surgery
=959  \\$fHeld but not currently received
=979  \\$aBritish Library$bDSC$j4987.625000
=985  \\$aCONFERENCE ANALYTIC RECORDS EXIST
=CAT  \\$aCONV$b00$c20040425$lBLL90$h0713
=CAT  \\$aBATCH-UPD$b00$c20160217$lBLL01$h1727
=CAT  \\$aIPL-CLA$c20160331$lBLL01$h1721
=CAT  \\$aBATCH-UPD$b00$c20160524$lBLL01$h2209
=CAT  \\$aBATCH-UPD$b00$c20160525$lBLL01$h0014
=CAT  \\$aBATCH-UPD$b00$c20160824$lBLL01$h1754
=CAT  \\$a8483$b40$c20160929$lBLL01$h1413
=CAT  \\$a8483$b40$c20160929$lBLL01$h1418
=CAT  \\$a8483$b40$c20160929$lBLL01$h1422
=CAT  \\$aIPL-CLA$c20160930$lBLL01$h1559
=CAT  \\$aBATCH-016$c20161005$lBLL01$h2150
=CAT  \\$aBATCH-UPD$b00$c20170216$lBLL01$h1842
=CAT  \\$aIPL-CLA$c20170331$lBLL01$h1841
=CAT  \\$aBATCH-UPD$b00$c20170904$lBLL01$h1851
=CAT  \\$aIPL-CLA$c20170929$lBLL01$h1725
=CAT  \\$aBATCH-UPD$b00$c20180223$lBLL01$h1719
=CAT  \\$aIPL-CLA$c20180331$lBLL01$h1615
=CAT  \\$aW1805-0475$c20180520$lBLL01$h1631
=CAT  \\$aBATCH-UPD$b00$c20180524$lBLL01$h1713
=CAT  \\$aIPL-CLA$c20180630$lBLL01$h1914
=CAT  \\$aW1908-0780$b00$c20200730$lBLL01$h1324
=CAT  \\$a5552$b40$c20210816$lBLL01$h1433
=CAT  \\$aIPL-CLA$c20210930$lBLL01$h1527
=CAT  \\$aCDS21$c20220118$lBLL01$h1104
=CAT  \\$aBATCH-UPD$b00$c20221121$lBLL01$h1410
=CAT  \\$aIPL-CLA$c20221231$lBLL01$h1444
=CAT  \\$a5410$b40$c20230224$lBLL01$h1550
=CFI  0\$aCurrent copyright fee: GBP34.95$c22\1$e01-jan-2023$fGBP34.95$g0$hP$5Uk
=CFI  2\$aPrevious copyright fee: GBP43.00$c22\1$e01-oct-2021$fGBP43.00$g0$hP$5Uk
=EST  \\$a1
=FFP  \\$aY$bBLDSS-3PM
=FIN  \\$aY
=LEO  \\$aMP10.0000631143
=LKR  \\$aPAR$b010489720$lBLL01$r776$mJournal of gastrointestinal surgery (Online)$nJournal of gastrointestinal surgery (Print).
=MNI  \\$a1091-255X
=SID  \\$aZ39$bOCLC
=SRC  \\$aDSS01$bbibmp10.200404.2.aa
=TCO  \\$aTRS$bCCC$c008
=TOC  \\$aETOC
=UNO  \\$aY
=ACF  \\$aPrevious copyright fee: GBP21.25$c22\3$e01-jan-2009$fGBP21.25$g0$hP$5Uk
=ACF  \\$aPrevious copyright fee: GBP16.75$c22\3$e20-apr-2007$fGBP16.75$g0$hP$5Uk
=ACF  \\$aPrevious Copyright fee: GBP18.00$c5\1$e01-apr-2004$fGBP18.00$g0$hP$5Uk
=ACF  \\$aCurrent copyright fee: GBP20.00$c5\1$e01-jan-2003$fGBP20.00$g0$hP$5Uk
=ACF  \\$aCurrent copyright fee: GBP15.00$c5\1$e01-jul-2002$fGBP15.00$g0$hP$5Uk
=ACF  \\$aPrevious copyright fee: GBP22.00$c22\3$e01-apr-2009$fGBP22.00$g0$hP$5Uk
=ACF  \\$aPrevious copyright fee: GBP22.00$c22\3$e12-aug-2012$fGBP22.00$g0$hP$5Uk
=ACF  \\$aPrevious copyright fee: GBP25.00$c22\3$e01-jan-2013$fGBP25.00$g0$hP$5Uk
=ACF  \\$aPrevious copyright fee: GBP25.77$c22\3$e01-jul-2013$fGBP25.77$g0$hP$5Uk
=ACF  \\$aPrevious copyright fee: GBP24.97$c22\3$e01-jan-2014$fGBP24.97$g0$hP$5Uk
=ACF  \\$aPrevious copyright fee: GBP24.21$c22\3$e01-jul-2014$fGBP24.21$g0$hP$5Uk
=ACF  \\$aPrevious copyright fee: GBP25.77$c22\3$e01-apr-2015$fGBP25.77$g0$hP$5Uk
=ACF  \\$aPrevious copyright fee: GBP26.63$c22\3$e01-jul-2015$fGBP26.63$g0$hP$5Uk
=ACF  \\$aPrevious copyright fee: GBP25.77$c22\3$e01-oct-2015$fGBP25.77$g0$hP$5Uk
=ACF  \\$aPrevious copyright fee: GBP27.55$c22\3$e01-apr-2016$fGBP27.55$g0$hP$5Uk
=ACF  \\$aPrevious copyright fee: GBP29.59$c22\3$e01-oct-2016$fGBP29.59$g0$hP$5Uk
=ACF  \\$aPrevious copyright fee: GBP31.96$c22\3$e01-apr-2017$fGBP31.96$g0$hP$5Uk
=ACF  \\$aPrevious copyright fee: GBP30.73$c22\3$e01-oct-2017$fGBP30.73$g0$hP$5Uk
=ACF  \\$aPrevious copyright fee: GBP28.54$c22\3$e01-apr-2018$fGBP28.54$g0$hP$5Uk
=ACF  \\$aPrevious copyright fee: GBP34.00$c22\1$e01-jul-2018$fGBP34.00$g0$hP$5Uk
=LAS  \\$a5410$b40$c20230224$lBLL01$h1550

