=LDR  06334cas a2201357 a 4500
=001  012434651
=003  Uk
=005  20221231144444.0
=006  m\\\\\o\\d\\\\\\\\
=007  cr\|||||||||||
=008  980610c19699999ne\mr\pso\\\\\0\\\a0eng\c
=FMT  \\$a  SE
=010  \\$a  2008233028
=019  c\$a102121633
=022  \\$a1573-4889
=030  \\$aOXMEAF
=035  \\$a(OCoLC)39265700$z(OCoLC)137343659
=040  \\$aF#A$beng$cF#A$dOCL$dOCLCQ$dMUQ$dOCLCQ$dGUA$dAZU$dOCLCQ$dOCLCO$dUk
=042  \\$aukblsr
=050  14$aQD171
=082  04$a541.393$223
=130  0\$aOxidation of metals (Online)
=222  \0$aOxidation of metals$b(Dordrecht. Online)
=245  10$aOxidation of metals$h[electronic resource].
=260  \\$a[New York, N.Y.] :$bPlenum Pub. Corp.
=264  31$3<2008->$aNew York :$bSpringer US
=310  \\$aTwelve issues yearly
=336  \\$atext$2rdacontent
=337  \\$acomputer$2rdamedia
=338  \\$aonline resource$2rdacarrier
=362  1\$aPrint began in 1969.
=538  \\$aMode of access: World Wide Web.
=588  \\$aDescription based on: Vol. 47, no. 1/2 (Feb. 1997); title from journal information screen (SpringerLink, viewed Jan. 11, 2008).
=588  \\$aLatest issue consulted: volume 84, issue 3/4 (October 2015) (viewed October 7, 2015).
=540  \\$aCurrent copyright fee: GBP29.95$c22\1$5Uk
=650  \0$aMetals$vPeriodicals.
=650  \0$aOxidation$vPeriodicals.
=650  \0$aHigh temperature chemistry$vPeriodicals.
=650  \0$aCorrosion and anti-corrosives$vPeriodicals.
=650  \6$aMétaux$vPériodiques.
=650  \6$aOxydation$vPériodiques.
=776  08$iPrint version:$tOxidation of metals$x0030-770X
=856  \\$31850-9999$uhttp://www.springer.com/gb/$xBLDSS
=856  4\$uhttp://firstsearch.oclc.org$zAddress for accessing the journal using authorization number and password through OCLC FirstSearch Electronic Collections Online
=856  40$uhttp://www.springerlink.com/content/101598/
=859  \\$aXLD$bejournal
=852  41$aBritish Library$bDSC$j6321.040000$3Volume 48:Issue 1/2(1997)-Volume 89:Issue 3/4(2018)***See ESTAR for full holdings.
=945  \\$aOxidation of metals
=959  \\$fHeld but not currently received
=979  \\$a6321.040000$bDSC$j6321.040000
=985  \\$aCONFERENCE ANALYTIC RECORDS EXIST
=A02  \\$a102121633
=CAT  \\$aCONV$b00$c20040425$lBLL90$h0713
=CAT  \\$aBATCH-UPD$b00$c20150520$lBLL01$h1929
=CAT  \\$aIPL-CLA$c20150630$lBLL01$h1643
=CAT  \\$aBATCH-UPD$b00$c20150820$lBLL01$h1959
=CAT  \\$aIPL-CLA$c20150930$lBLL01$h1801
=CAT  \\$a11316$b40$c20151007$lBLL01$h1551
=CAT  \\$aBATCH-UPD$b40$c20160217$lBLL01$h1857
=CAT  \\$aIPL-CLA$c20160331$lBLL01$h1721
=CAT  \\$aBATCH-UPD$b00$c20160524$lBLL01$h2156
=CAT  \\$aBATCH-UPD$b00$c20160524$lBLL01$h2247
=CAT  \\$aBATCH-UPD$b00$c20160824$lBLL01$h1916
=CAT  \\$aIPL-CLA$c20160930$lBLL01$h1559
=CAT  \\$aBATCH-UPD$b00$c20170216$lBLL01$h2001
=CAT  \\$aIPL-CLA$c20170331$lBLL01$h1841
=CAT  \\$aBATCH-UPD$b00$c20170904$lBLL01$h2032
=CAT  \\$aIPL-CLA$c20170929$lBLL01$h1725
=CAT  \\$aBATCH-UPD$b00$c20180223$lBLL01$h1931
=CAT  \\$aIPL-CLA$c20180331$lBLL01$h1616
=CAT  \\$aW1805-0475$c20180520$lBLL01$h1631
=CAT  \\$aBATCH-UPD$b00$c20180524$lBLL01$h1811
=CAT  \\$aIPL-CLA$c20180630$lBLL01$h1914
=CAT  \\$aW1908-0780$b00$c20200730$lBLL01$h1325
=CAT  \\$aCDS21$c20220118$lBLL01$h1104
=CAT  \\$aBATCH-UPD$b00$c20221121$lBLL01$h1359
=CAT  \\$a5410$b40$c20221224$lBLL01$h1547
=CAT  \\$aIPL-CLA$c20221231$lBLL01$h1444
=CFI  0\$aCurrent copyright fee: GBP29.95$c22\1$e01-jan-2023$fGBP29.95$g0$hP$5Uk
=CFI  2\$aPrevious copyright fee: GBP34.00$c22\1$e01-jul-2018$fGBP34.00$g0$hP$5Uk
=EST  \\$a1
=FFP  \\$aY$bBLDSS-3PM
=FIN  \\$aY
=LEO  \\$aMP10.0000631921
=LKR  \\$aPAR$b007186902$lBLL01$r776$mOxidation of metals (Online)$nOxidation of metals (Print)
=MNI  \\$a0030-770X
=SID  \\$aZ39$bOCLC
=SRC  \\$aDSS01$bbibmp10.200404.2.aa
=TCO  \\$aNLD$bSTICHTING REPRORECHT$c008
=TOC  \\$aETOC
=UNO  \\$aY
=ACF  \\$aPrevious copyright fee: GBP21.25$c4\4$e01-jan-2009$fGBP21.25$g0$hP$5Uk
=ACF  \\$aPrevious copyright fee: GBP16.75$c4\4$e01-jan-2007$fGBP16.75$g0$hP$5Uk
=ACF  \\$aPrevious Copyright Fee: GBP16.22$c4\4$e01-oct-2006$fGBP16.22$g0$hP$5Uk
=ACF  \\$aPrevious copyright fee: GBP17.14$c4\4$e01-apr-2006$fGBP17.14$g0$hP$5Uk
=ACF  \\$aPrevious copyright fee: GBP16.67$c4\4$e01-jan-2006$fGBP16.67$g0$hP$5Uk
=ACF  \\$aPrevious copyright fee: GBP16.22$c4\4$e01-apr-2005$fGBP16.22$g0$hP$5Uk
=ACF  \\$aPrevious copyright fee: GBP16.67$c4\4$e01-jan-2005$fGBP16.67$g0$hP$5Uk
=ACF  \\$aPrevious copyright fee: GBP13.51$c4\4$e01-apr-2004$fGBP13.51$g0$hP$5Uk
=ACF  \\$aCurrent copyright fee: GBP14.71$c4\4$e01-jan-2004$fGBP14.71$g0$hP$5Uk
=ACF  \\$aCurrent copyright fee: GBP15.63$c4\4$e01-jan-2003$fGBP15.63$g0$hP$5Uk
=ACF  \\$aPrevious copyright fee: GBP22.00$c4\4$e01-apr-2009$fGBP22.00$g0$hP$5Uk
=ACF  \\$aPrevious copyright fee: GBP22.00$c4\4$e12-aug-2012$fGBP22.00$g0$hP$5Uk
=ACF  \\$aPrevious copyright fee: GBP25.00$c4\4$e01-jan-2013$fGBP25.00$g0$hP$5Uk
=ACF  \\$aPrevious copyright fee: GBP25.77$c4\4$e01-jul-2013$fGBP25.77$g0$hP$5Uk
=ACF  \\$aPrevious copyright fee: GBP24.97$c4\4$e01-jan-2014$fGBP24.97$g0$hP$5Uk
=ACF  \\$aPrevious copyright fee: GBP24.21$c4\4$e01-jul-2014$fGBP24.21$g0$hP$5Uk
=ACF  \\$aPrevious copyright fee: GBP25.77$c4\4$e01-apr-2015$fGBP25.77$g0$hP$5Uk
=ACF  \\$aPrevious copyright fee: GBP26.63$c4\4$e01-jul-2015$fGBP26.63$g0$hP$5Uk
=ACF  \\$aPrevious copyright fee: GBP25.77$c4\4$e01-oct-2015$fGBP25.77$g0$hP$5Uk
=ACF  \\$aPrevious copyright fee: GBP27.55$c4\4$e01-apr-2016$fGBP27.55$g0$hP$5Uk
=ACF  \\$aPrevious copyright fee: GBP29.59$c4\4$e01-oct-2016$fGBP29.59$g0$hP$5Uk
=ACF  \\$aPrevious copyright fee: GBP31.96$c4\4$e01-apr-2017$fGBP31.96$g0$hP$5Uk
=ACF  \\$aPrevious copyright fee: GBP30.73$c4\4$e01-oct-2017$fGBP30.73$g0$hP$5Uk
=ACF  \\$aPrevious copyright fee: GBP28.54$c4\4$e01-apr-2018$fGBP28.54$g0$hP$5Uk
=LAS  \\$aIPL-CLA$b00$c20221231$lBLL01$h1444

