=LDR  06571cas a2201357 a 4500
=001  012434724
=003  Uk
=005  20230101214352.0
=006  m\\\\\o\\d\\\\\\\\
=007  cr\|||||||||||
=008  971110c19809999ne\mx\pso\\\\\0\\\a0eng\c
=FMT  \\$a  SE
=010  \\$a  2004233093
=019  c\$a102124574
=022  \\$a1573-5079
=035  \\$a(OCoLC)37915879
=040  \\$aOCoLC$beng$cOCoLC$dOCoLC$dCaQMU$dOCoLC$dGU$dOCoLC$dGU$dOCoLC$dOCLCO$dOCoLC$dUk
=042  \\$aukblsr
=050  14$aQK882
=082  04$a572.4605$223
=130  0\$aPhotosynthesis research (Online)
=210  0\$aPhotosynth. res.$b(Dordr., Online)
=222  \0$aPhotosynthesis research$b(Dordrecht. Online)
=245  10$aPhotosynthesis research$h[electronic resource].
=260  \\$a[Dordrecht] :$bKluwer Academic Publishers
=264  31$a[Dordrecht] :$bSpringer Netherlands
=310  \\$aTwelve no. a year
=336  \\$atext$2rdacontent
=337  \\$acomputer$2rdamedia
=338  \\$aonline resource$2rdacarrier
=362  1\$aPrint began with v. 1, no. 1, published in 1980.
=515  \\$aSome nos. issued in combined form.
=538  \\$aMode of access: World Wide Web.
=550  \\$a"Official journal of the International Society of Photosynthesis Research."
=588  \\$aDescription based on: Vol. 51, issue 1 (Jan. 1997); title from contents screen (publisher's Web site, viewed Feb. 19, 2004).
=588  \\$aLatest issue consulted: volume 126, issue 2/3 (December 2015) (SpringerLink, viewed October 7, 2015).
=540  \\$aCurrent copyright fee: GBP29.95$c22\1$5Uk
=650  \0$aPhotosynthesis$xResearch$vPeriodicals.
=650  \6$aPhotosynthèse$vPériodiques.
=710  2\$aInternational Society of Photosynthesis Research.
=776  08$iPrint version:$tPhotosynthesis research$x0166-8595
=856  \\$31850-9999$uhttp://www.springer.com/gb/$xBLDSS
=856  40$uhttp://www.kluweronline.com/issn/0166-8595/contents$zLink no longer valid
=856  40$uhttp://link.springer.com/journal/11120
=856  4\$uhttp://firstsearch.oclc.org$zAddress for accessing the journal using authorization number and password through OCLC FirstSearch Electronic Collections Online
=859  \\$aXLD$bejournal
=852  41$aBritish Library$bDSC$j6474.365000$3Volume 62:Issue 2/3(1999)-Volume 136:Issue 1(2018)***See ESTAR for full holdings.
=945  \\$aPhotosynthesis research
=959  \\$fHeld but not currently received
=979  \\$aBritish Library$bDSC$j6474.365000
=985  \\$aCONFERENCE ANALYTIC RECORDS EXIST
=A02  \\$a102124574
=CAT  \\$aCONV$b00$c20040425$lBLL90$h0713
=CAT  \\$aBATCH-UPD$b00$c20150520$lBLL01$h1701
=CAT  \\$aIPL-CLA$c20150630$lBLL01$h1643
=CAT  \\$aBATCH-UPD$b00$c20150820$lBLL01$h1751
=CAT  \\$aIPL-CLA$c20150930$lBLL01$h1801
=CAT  \\$a11316$b40$c20151007$lBLL01$h1522
=CAT  \\$aBATCH-UPD$b40$c20160217$lBLL01$h1637
=CAT  \\$aIPL-CLA$c20160331$lBLL01$h1721
=CAT  \\$aBATCH-UPD$b00$c20160524$lBLL01$h2156
=CAT  \\$aBATCH-UPD$b00$c20160524$lBLL01$h2247
=CAT  \\$aBATCH-UPD$b00$c20160824$lBLL01$h1714
=CAT  \\$aIPL-CLA$c20160930$lBLL01$h1559
=CAT  \\$aBATCH-UPD$b00$c20170216$lBLL01$h1801
=CAT  \\$aIPL-CLA$c20170331$lBLL01$h1841
=CAT  \\$aBATCH-UPD$b00$c20170904$lBLL01$h1803
=CAT  \\$aIPL-CLA$c20170929$lBLL01$h1725
=CAT  \\$aBATCH-UPD$b00$c20180223$lBLL01$h1619
=CAT  \\$aIPL-CLA$c20180331$lBLL01$h1616
=CAT  \\$aW1805-0475$c20180520$lBLL01$h1631
=CAT  \\$aBATCH-UPD$b00$c20180524$lBLL01$h1652
=CAT  \\$aIPL-CLA$c20180630$lBLL01$h1914
=CAT  \\$aW1908-0780$b00$c20200730$lBLL01$h1325
=CAT  \\$aCDS21$c20220118$lBLL01$h1104
=CAT  \\$aBATCH-UPD$b00$c20221121$lBLL01$h1359
=CAT  \\$aIPL-CLA$c20221231$lBLL01$h1444
=CAT  \\$a5410$b40$c20230101$lBLL01$h2143
=CFI  0\$aCurrent copyright fee: GBP29.95$c22\1$e01-jan-2023$fGBP29.95$g0$hP$5Uk
=CFI  2\$aPrevious copyright fee: GBP34.00$c22\1$e01-jul-2018$fGBP34.00$g0$hP$5Uk
=EST  \\$a1
=FFP  \\$aY$bBLDSS-3PM
=FIN  \\$aY
=LEO  \\$aMP10.0000631994
=LKR  \\$aPAR$b012112218$lBLL01$r776$mPhotosynthesis research (Online)$nPhotosynthesis research (Print)
=MNI  \\$a0166-8595
=SRC  \\$aDSS01$bbibmp10.200404.2.aa
=SRC  \\$aBLL02
=TCO  \\$aNLD$bSTICHTING REPRORECHT$c008
=TOC  \\$aETOC
=UNO  \\$aY
=ACF  \\$aPrevious copyright fee: GBP21.25$c13\1$e01-jan-2009$fGBP21.25$g0$hP$5Uk
=ACF  \\$aPrevious Copyright Fee: GBP16.75$c13\1$e01-jan-2007$fGBP16.75$g0$hP$5Uk
=ACF  \\$aPrevious copyright fee: GBP16.22$c13\1$e01-oct-2006$fGBP16.22$g0$hP$5Uk
=ACF  \\$aPrevious copyright fee: GBP17.14$c13\1$e01-apr-2006$fGBP17.14$g0$hP$5Uk
=ACF  \\$aPrevious copyright fee: GBP16.67$c13\1$e01-jan-2006$fGBP16.67$g0$hP$5Uk
=ACF  \\$aPrevious copyright fee: GBP16.22$c13\1$e01-apr-2005$fGBP16.22$g0$hP$5Uk
=ACF  \\$aPrevious copyright fee: GBP16.67$c13\1$e01-jan-2005$fGBP16.67$g0$hP$5Uk
=ACF  \\$aPrevious copyright fee: GBP13.51$c13\1$e01-apr-2004$fGBP13.51$g0$hP$5Uk
=ACF  \\$aCurrent copyright fee: GBP14.71$c13\1$e01-jan-2004$fGBP14.71$g0$hP$5Uk
=ACF  \\$aCurrent copyright fee: GBP15.63$c13\1$e01-jan-2003$fGBP15.63$g0$hP$5Uk
=ACF  \\$aPrevious copyright fee: GBP22.00$c13\1$e01-apr-2009$fGBP22.00$g0$hP$5Uk
=ACF  \\$aPrevious copyright fee: GBP22.00$c13\1$e12-aug-2012$fGBP22.00$g0$hP$5Uk
=ACF  \\$aPrevious copyright fee: GBP25.00$c13\1$e01-jan-2013$fGBP25.00$g0$hP$5Uk
=ACF  \\$aPrevious copyright fee: GBP25.77$c13\1$e01-jul-2013$fGBP25.77$g0$hP$5Uk
=ACF  \\$aPrevious copyright fee: GBP24.97$c13\1$e01-jan-2014$fGBP24.97$g0$hP$5Uk
=ACF  \\$aPrevious copyright fee: GBP24.21$c13\1$e01-jul-2014$fGBP24.21$g0$hP$5Uk
=ACF  \\$aPrevious copyright fee: GBP25.77$c13\1$e01-apr-2015$fGBP25.77$g0$hP$5Uk
=ACF  \\$aPrevious copyright fee: GBP26.63$c13\1$e01-jul-2015$fGBP26.63$g0$hP$5Uk
=ACF  \\$aPrevious copyright fee: GBP25.77$c13\1$e01-oct-2015$fGBP25.77$g0$hP$5Uk
=ACF  \\$aPrevious copyright fee: GBP27.55$c13\1$e01-apr-2016$fGBP27.55$g0$hP$5Uk
=ACF  \\$aPrevious copyright fee: GBP29.59$c13\1$e01-oct-2016$fGBP29.59$g0$hP$5Uk
=ACF  \\$aPrevious copyright fee: GBP31.96$c13\1$e01-apr-2017$fGBP31.96$g0$hP$5Uk
=ACF  \\$aPrevious copyright fee: GBP30.73$c13\1$e01-oct-2017$fGBP30.73$g0$hP$5Uk
=ACF  \\$aPrevious copyright fee: GBP28.54$c13\1$e01-apr-2018$fGBP28.54$g0$hP$5Uk
=LAS  \\$a5410$b40$c20230101$lBLL01$h2143

