=LDR  07191cas a2201477 a 4500
=001  012434953
=003  Uk
=005  20230507182545.0
=006  m\\\\\o\\d\\\\\\\\
=007  cr\|||||||||||
=008  020419c20029999ne\qr\pso\\\\\0\\\a0eng\c
=FMT  \\$a  SE
=010  \\$a  2005260115
=019  c\$a102613816
=022  0\$a1572-9826$y1569-1705
=035  \\$a(OCoLC)49619826$z(OCoLC)50721158
=040  \\$aOUN$beng$cOUN$dOCLCQ$dORU$dCGU$dOCLCQ$dF#A$dOCLCQ$dAGL$dOCLCQ$dOCLCF$dOCLCQ$dUk
=042  \\$aukblsr
=050  \4$aGE1
=070  0\$aTD192.5$b.R48
=072  \0$aP000
=072  \0$aW000
=082  04$a660.6$223
=130  0\$aRe/views in environmental science and bio/technology (Online)
=222  \0$aReviews in environmental science and bio/technology$b(Dordrecht. Online)
=245  10$aRe/views in environmental science and bio/technology$h[electronic resource].
=246  3\$aReviews in environmental science and biotechnology
=246  30$aEnvironmental science and biotechnology
=260  \\$a[Dordrecht] The Netherlands :$bKluwer Academic Publishers,$c©2002-
=264  31$a[Dordrecht, Netherlands] :$bSpringer
=310  \\$aQuarterly
=336  \\$atext$2rdacontent
=337  \\$acomputer$2rdamedia
=338  \\$aonline resource$2rdacarrier
=362  0\$aVol. 1, no. 1 (Mar. 2002)-
=595  \\$aSEE ALSO CARD INDEX.
=500  \\$aTitle from image of cover on issue home page (SpringerLink, viewed Mar. 7, 2005).
=500  \\$aPublisher varies.
=515  \\$aSome issues combined.
=530  \\$aAlso issued in print.
=538  \\$aMode of access: World Wide Web.
=588  \\$aLatest issue consulted: volume 15, issue 3 (September 2016) (SpringerLink, viewed September 2, 2016).
=540  \\$aCurrent copyright fee: GBP29.95$c22\1$5Uk
=650  \0$aBioremediation$vPeriodicals.
=650  \7$aBioremediation.$2fast$0(OCoLC)fst00832694
=655  \7$aPeriodicals.$2fast$0(OCoLC)fst01411641
=776  1\$tReviews in environmental science and bio-technology$x1569-1705
=856  \\$31850-9999$uhttp://www.springer.com/gb/$xBLDSS
=856  40$uhttp://springerlink.metapress.com/link.asp?id=108922
=856  40$uhttp://springerlink.com/link.asp?id=108922
=856  40$uhttp://springerlink.metapress.com/openurl.asp?genre=journal&issn=1569-1705$zSubscription required for access
=856  4\$uhttp://firstsearch.oclc.org$zAddress for accessing the journal using authorization number and password through OCLC FirstSearch Electronic Collections Online
=856  4\$uhttp://firstsearch.oclc.org/journal=1569-1705;screen=info;ECOIP$zAddress for accessing the journal from an authorized IP address through OCLC FirstSearch Electronic Collections Online
=859  \\$aXLD$bejournal
=852  41$aBritish Library$bDSC$j7790.525300$3Volume 1:Issue 1(2002)-Volume 17:Issue 1(2018)***See ESTAR for full holdings.
=945  \\$aREVIEWS IN ENVIRONMENTAL SCIENCE AND BIOTECHNOLOGY.
=959  \\$fHeld but not currently received
=979  \\$aBritish Library$bDSC$j7790.525300
=985  \\$aCorrected by BSS-generated file for WR# 08/157
=985  \\$aCorrected by MS generated file for WR# 12.018
=985  \\$aCONFERENCE ANALYTIC &RECORDS EXIST
=A02  \\$a102613816
=CAT  \\$aCONV$b00$c20040425$lBLL90$h0713
=CAT  \\$aIPL-CLA$c20150630$lBLL01$h1643
=CAT  \\$aBATCH-UPD$b00$c20150820$lBLL01$h1751
=CAT  \\$aIPL-CLA$c20150930$lBLL01$h1801
=CAT  \\$aBATCH-UPD$b00$c20160217$lBLL01$h1637
=CAT  \\$aIPL-CLA$c20160331$lBLL01$h1721
=CAT  \\$aBATCH-UPD$b00$c20160520$lBLL01$h0825
=CAT  \\$aBATCH-UPD$b00$c20160524$lBLL01$h2156
=CAT  \\$aBATCH-UPD$b00$c20160824$lBLL01$h1714
=CAT  \\$a10806$b40$c20160901$lBLL01$h1634
=CAT  \\$a10806$b40$c20160901$lBLL01$h1635
=CAT  \\$a10806$b40$c20160902$lBLL01$h1538
=CAT  \\$aIPL-CLA$c20160930$lBLL01$h1559
=CAT  \\$aBATCH-UPD$b00$c20170216$lBLL01$h1801
=CAT  \\$aIPL-CLA$c20170331$lBLL01$h1841
=CAT  \\$aBATCH-UPD$b00$c20170904$lBLL01$h1803
=CAT  \\$aIPL-CLA$c20170929$lBLL01$h1725
=CAT  \\$aBATCH-UPD$b00$c20180223$lBLL01$h1619
=CAT  \\$aIPL-CLA$c20180331$lBLL01$h1616
=CAT  \\$aW1805-0475$c20180520$lBLL01$h1631
=CAT  \\$aBATCH-UPD$b00$c20180524$lBLL01$h1652
=CAT  \\$aIPL-CLA$c20180630$lBLL01$h1914
=CAT  \\$aW1908-0780$b00$c20200730$lBLL01$h1325
=CAT  \\$aCDS21$c20220118$lBLL01$h1104
=CAT  \\$aBATCH-UPD$b00$c20221121$lBLL01$h1359
=CAT  \\$aIPL-CLA$c20221231$lBLL01$h1444
=CAT  \\$a5410$b40$c20230507$lBLL01$h1825
=CFI  0\$aCurrent copyright fee: GBP29.95$c22\1$e01-jan-2023$fGBP29.95$g0$hP$5Uk
=CFI  2\$aPrevious copyright fee: GBP34.00$c22\1$e01-jul-2018$fGBP34.00$g0$hP$5Uk
=EST  \\$a1
=FFP  \\$aY$bBLDSS-3PM
=FIN  \\$aY$d20160902
=LEO  \\$aMP10.0000632223
=MNI  \\$a1569-1705
=SID  \\$aZ39$bOCLC
=SRC  \\$aDSS01$bbibmp10.200404.2.aa
=TCO  \\$aNLD$bSTICHTING REPRORECHT$c008
=TOC  \\$aETOC
=UNO  \\$aY
=ACF  \\$aPrevious copyright fee: GBP21.25$c13\1$e01-jan-2009$fGBP21.25$g0$hP$5Uk
=ACF  \\$aPrevious copyright fee: GBP16.75$c13\1$e01-jan-2007$fGBP16.75$g0$hP$5Uk
=ACF  \\$aPrevious copyright fee: GBP16.22$c13\1$e01-oct-2006$fGBP16.22$g0$hP$5Uk
=ACF  \\$aPrevious copyright fee: GBP17.14$c13\1$e01-apr-2006$fGBP17.14$g0$hP$5Uk
=ACF  \\$aPrevious copyright fee: GBP16.67$c13\1$e01-jan-2006$fGBP16.67$g0$hP$5Uk
=ACF  \\$aPrevious copyright fee: GBP16.22$c13\1$e01-apr-2005$fGBP16.22$g0$hP$5Uk
=ACF  \\$aPrevious copyright fee: GBP16.67$c13\1$e01-jan-2005$fGBP16.67$g0$hP$5Uk
=ACF  \\$aPrevious copyright fee: GBP13.51$c13\1$e01-apr-2004$fGBP13.51$g0$hP$5Uk
=ACF  \\$aCurrent copyright fee: GBP14.71$c13\1$e01-jan-2004$fGBP14.71$g0$hP$5Uk
=ACF  \\$aCurrent copyright fee: GBP15.63$c13\1$e21-jan-2003$fGBP15.63$g0$hP$5Uk
=ACF  \\$aPrevious copyright fee: GBP22.00$c13\1$e01-apr-2009$fGBP22.00$g0$hP$5Uk
=ACF  \\$aPrevious copyright fee: GBP22.00$c13\1$e12-aug-2012$fGBP22.00$g0$hP$5Uk
=ACF  \\$aPrevious copyright fee: GBP25.00$c13\1$e01-jan-2013$fGBP25.00$g0$hP$5Uk
=ACF  \\$aPrevious copyright fee: GBP25.77$c13\1$e01-jul-2013$fGBP25.77$g0$hP$5Uk
=ACF  \\$aPrevious copyright fee: GBP24.97$c13\1$e01-jan-2014$fGBP24.97$g0$hP$5Uk
=ACF  \\$aPrevious copyright fee: GBP24.21$c13\1$e01-jul-2014$fGBP24.21$g0$hP$5Uk
=ACF  \\$aPrevious copyright fee: GBP25.77$c13\1$e01-apr-2015$fGBP25.77$g0$hP$5Uk
=ACF  \\$aPrevious copyright fee: GBP26.63$c13\1$e01-jul-2015$fGBP26.63$g0$hP$5Uk
=ACF  \\$aPrevious copyright fee: GBP25.77$c13\1$e01-oct-2015$fGBP25.77$g0$hP$5Uk
=ACF  \\$aPrevious copyright fee: GBP27.55$c13\1$e01-apr-2016$fGBP27.55$g0$hP$5Uk
=ACF  \\$aPrevious copyright fee: GBP29.59$c13\1$e01-oct-2016$fGBP29.59$g0$hP$5Uk
=ACF  \\$aPrevious copyright fee: GBP31.96$c13\1$e01-apr-2017$fGBP31.96$g0$hP$5Uk
=ACF  \\$aPrevious copyright fee: GBP30.73$c13\1$e01-oct-2017$fGBP30.73$g0$hP$5Uk
=ACF  \\$aPrevious copyright fee: GBP28.54$c13\1$e01-apr-2018$fGBP28.54$g0$hP$5Uk
=LAS  \\$a5410$b40$c20230507$lBLL01$h1825

