=LDR  06030cas a2201261 a 4500
=001  013088194
=003  Uk
=005  20230302150806.0
=006  m\\\\\\\\d\\\\\\\\
=007  cr||||||||||||
=008  991103c19529999gw\mr\pss\\\\\0\\\\0ger\d
=FMT  \\$a  SE
=010  \\$a  2007233653
=022  \\$a1432-055X
=035  \\$a(OCoLC)42755881
=040  \\$aGAT$cGAT$dOCoLC$dICU$dOCoLC$dGU$dUk
=041  0\$ager$beng
=042  \\$aukblsr
=050  14$aRD81
=082  04$a617.96$222
=130  0\$aAnaesthesist (Online)
=222  \4$aDer Anaesthesist$b(Berlin. Internet)
=245  14$aDer Anaesthesist$h[electronic resource].
=260  \\$aBerlin ;$aHeidelberg :$bSpringer-Verlag
=310  \\$aMonthly
=336  \\$atext$2rdacontent
=337  \\$acomputer$2rdamedia
=338  \\$aonline resource$2rdacarrier
=362  1\$aPrint began in 1952.
=588  \\$aDescription based on: Vol. 46, issue 2 (1997); title from journal home page (viewed Nov. 3, 1999).
=588  \\$aLatest issue consulted: Vol. 60, no. 3 (Mar. 2011) (SpringerLink, viewed Apr. 11, 2011).
=525  \\$aSupplements accompany some issues.
=538  \\$aMode of access: World Wide Web.
=546  \\$aText in German with summaries in English.
=550  \\$aOrgan of Österreichische Gesellschaft für Anaesthesiologie und Reanimation, Deutsche Gesellschaft für Anaesthesiologie und Wiederbelebung, and Schweizerische Gesellschaft für Anaesthesiologie und Reanimation.
=540  \\$aCurrent copyright fee: GBP34.95$c22\1$5Uk
=650  \0$aAnesthesiology$vPeriodicals.
=710  2\$aÖsterreichische Gesellschaft für Anästhesiologie und Reanimation.
=710  2\$aDeutsche Gesellschaft für Anaesthesie und Wiederbelebung.
=710  2\$aSchweizerische Gesellschaft für Anaesthesiologie und Wiederbelebung.
=776  08$iPrint version:$tAnaesthesist$x0003-2417
=856  \\$31850-9999$uhttp://www.springer.com/gb/$xBLDSS
=856  40$uhttp://firstsearch.oclc.org$zAddress for accessing the journal using authorization number and password through OCLC FirstSearch Electronic Collections Online
=856  40$uhttp://link.springer-ny.com/link/service/journals/00101/index.htm
=856  40$uhttp://www.metapress.com/link.asp?id=100461
=856  40$uhttp://www.springerlink.com/link.asp?id=100461
=859  \\$aXLD$bejournal
=852  41$aBritish Library$bDSC$j0859.920000$3Volume 46:Issue 2(1997)-Volume 67:Issue 3(2018)***See ESTAR for full holdings.
=945  \\$aAnaesthesist
=959  \\$fHeld but not currently received
=979  \\$aBritish Library$bDSC$j0859.920000
=CAT  \\$a10902$b40$c20050120$lBLL01$h1413
=CAT  \\$aIPL-CLA$c20150630$lBLL01$h1646
=CAT  \\$aBATCH-UPD$b00$c20150820$lBLL01$h1837
=CAT  \\$aIPL-CLA$c20150930$lBLL01$h1806
=CAT  \\$aBATCH-UPD$b00$c20160217$lBLL01$h1727
=CAT  \\$aIPL-CLA$c20160331$lBLL01$h1726
=CAT  \\$aBATCH-UPD$b00$c20160501$lBLL01$h2136
=CAT  \\$aBATCH-UPD$b00$c20160518$lBLL01$h1143
=CAT  \\$aBATCH-UPD$b00$c20160524$lBLL01$h2209
=CAT  \\$aBATCH-UPD$b00$c20160824$lBLL01$h1754
=CAT  \\$aIPL-CLA$c20160930$lBLL01$h1603
=CAT  \\$aBATCH-UPD$b00$c20170216$lBLL01$h1843
=CAT  \\$aIPL-CLA$c20170331$lBLL01$h1844
=CAT  \\$aBATCH-UPD$b00$c20170904$lBLL01$h1851
=CAT  \\$aIPL-CLA$c20170929$lBLL01$h1728
=CAT  \\$aBATCH-UPD$b00$c20180223$lBLL01$h1720
=CAT  \\$aIPL-CLA$c20180331$lBLL01$h1619
=CAT  \\$aW1805-0475$c20180520$lBLL01$h1631
=CAT  \\$aBATCH-UPD$b00$c20180524$lBLL01$h1713
=CAT  \\$aIPL-CLA$c20180630$lBLL01$h1916
=CAT  \\$aW1908-0780$b00$c20200730$lBLL01$h1326
=CAT  \\$a5552$b40$c20210810$lBLL01$h0911
=CAT  \\$aIPL-CLA$c20210930$lBLL01$h1527
=CAT  \\$aCDS21$c20220118$lBLL01$h1104
=CAT  \\$aBATCH-UPD$b00$c20221121$lBLL01$h1411
=CAT  \\$aIPL-CLA$c20221231$lBLL01$h1445
=CAT  \\$a5410$b40$c20230302$lBLL01$h1508
=CFI  0\$aCurrent copyright fee: GBP34.95$c22\1$e01-jan-2023$fGBP34.95$g0$hP$5Uk
=CFI  2\$aPrevious copyright fee: GBP43.00$c22\1$e01-oct-2021$fGBP43.00$g0$hP$5Uk
=EST  \\$a1
=FFP  \\$aY$bBLDSS-3PM
=FIN  \\$aY$d20110411
=LKR  \\$aPAR$b009830533$lBLL01$r776$mDer Anaesthesist (Online)$nDer Anaesthesist (Print)
=MNI  \\$a0003-2417
=SRC  \\$aBLL02
=TCO  \\$aDEU$bVG WORT$c008
=TOC  \\$aETOC
=UNO  \\$aY
=ACF  \\$aPrevious copyright fee: GBP16.67$c22\3$e01-jan-2006$fGBP16.67$g0$hP$5Uk
=ACF  \\$aPrevious copyright fee: GBP16.22$c22\3$e01-apr-2005$fGBP16.22$g0$hP$5Uk
=ACF  \\$aPrevious copyright fee: GBP16.67$c22\3$e01-jan-2005$fGBP16.67$g0$hP$5Uk
=ACF  \\$aPrevious Copyright Fee: GBP17.14$c22\3$e01-apr-2006$fGBP17.14$g0$hP$5Uk
=ACF  \\$aPrevious copyright fee: GBP22.00$c22\3$e12-aug-2012$fGBP22.00$g0$hP$5Uk
=ACF  \\$aPrevious copyright fee: GBP25.00$c22\3$e01-jan-2013$fGBP25.00$g0$hP$5Uk
=ACF  \\$aPrevious copyright fee: GBP25.77$c22\3$e01-jul-2013$fGBP25.77$g0$hP$5Uk
=ACF  \\$aPrevious copyright fee: GBP24.97$c22\3$e01-jan-2014$fGBP24.97$g0$hP$5Uk
=ACF  \\$aPrevious copyright fee: GBP24.21$c22\3$e01-jul-2014$fGBP24.21$g0$hP$5Uk
=ACF  \\$aPrevious copyright fee: GBP25.77$c22\3$e01-apr-2015$fGBP25.77$g0$hP$5Uk
=ACF  \\$aPrevious copyright fee: GBP26.63$c22\3$e01-jul-2015$fGBP26.63$g0$hP$5Uk
=ACF  \\$aPrevious copyright fee: GBP25.77$c22\3$e01-oct-2015$fGBP25.77$g0$hP$5Uk
=ACF  \\$aPrevious copyright fee: GBP27.55$c22\3$e01-apr-2016$fGBP27.55$g0$hP$5Uk
=ACF  \\$aPrevious copyright fee: GBP29.59$c22\3$e01-oct-2016$fGBP29.59$g0$hP$5Uk
=ACF  \\$aPrevious copyright fee: GBP31.96$c22\3$e01-apr-2017$fGBP31.96$g0$hP$5Uk
=ACF  \\$aPrevious copyright fee: GBP30.73$c22\3$e01-oct-2017$fGBP30.73$g0$hP$5Uk
=ACF  \\$aPrevious copyright fee: GBP28.54$c22\3$e01-apr-2018$fGBP28.54$g0$hP$5Uk
=ACF  \\$aPrevious copyright fee: GBP34.00$c22\1$e01-jul-2018$fGBP34.00$g0$hP$5Uk
=LAS  \\$a5410$b40$c20230302$lBLL01$h1508

