=LDR  05623cas a2201237 a 4500
=001  013088287
=003  Uk
=005  20230302150908.0
=006  m\\\\\\\\d\\\\\\\\
=007  cr\cnu||||||||
=008  000121c19759999gw\bx\pso\\\\\0\\\a0eng\c
=FMT  \\$a  SE
=010  \\$a2007233477
=022  0\$a1432-0770$l0340-1200$y0340-1200
=035  \\$a(OCoLC)43324638
=040  \\$aPIT$cPIT$dOH1$dOCLCQ$dMUQ$dOCL$dGUA$dOCLCQ$dUk
=041  0\$aeng$ager
=042  \\$aukblsr
=050  14$aQ350
=082  04$a003.5$222
=130  0\$aBiological cybernetics (Online)
=222  \0$aBiological cybernetics$b(Internet)
=245  10$aBiological cybernetics$h[electronic resource].
=260  \\$aBerlin :$bSpringer-Verlag
=310  \\$aSix issues a year
=336  \\$atext$2rdacontent
=337  \\$acomputer$2rdamedia
=338  \\$aonline resource$2rdacarrier
=362  1\$aPrint began in 1975.
=580  \\$aIncludes issues of earlier title: Kybernetik.
=588  \\$aDescription based on: Vol. 76, no. 1 (Jan. 1997); title from contents screen (SpringerLink, viewed Sept. 10, 2007).
=588  \\$aLatest issue consulted: Vol. 104, no. 3 (Mar. 2011), (viewed May 17, 2011).
=538  \\$aMode of access: World Wide Web.
=546  \\$aEnglish or German.
=540  \\$aCurrent copyright fee: GBP34.95$c22\1$5Uk
=650  \0$aCybernetics$vPeriodicals.
=650  \0$aInformation theory in biology$vPeriodicals.
=650  \0$aBionics$vPeriodicals.
=776  08$iPrint version:$tBiological cybernetics$x0340-1200
=780  10$tKybernetik$c(Online)
=856  \\$31850-9999$uhttp://www.springer.com/gb/$xBLDSS
=856  40$uhttp://link.springer-ny.com/link/service/journals/00422/index.htm
=856  40$uhttp://www.springerlink.com/content/100465/$zIncludes issues of earlier title: Kybernetik
=859  \\$aXLD$bejournal
=852  41$aBritish Library$bDSC$j2075.170000$3Volume 81:Issue 5/6(1999)-Volume 111:Issue 5/6(2017)***See ESTAR for full holdings.
=945  \\$aBIOLOGICAL CYBERNETICS.
=959  \\$fHeld but not currently received
=979  \\$aBritish Library$bDSC$j2075.170000
=985  \\$aCorrected by BSS-generated file for WR# 08/157
=CAT  \\$a7174$b40$c20050120$lBLL01$h1509
=CAT  \\$aBATCH-UPD$b00$c20150520$lBLL01$h1749
=CAT  \\$aIPL-CLA$c20150630$lBLL01$h1646
=CAT  \\$aBATCH-UPD$b00$c20150820$lBLL01$h1837
=CAT  \\$aIPL-CLA$c20150930$lBLL01$h1806
=CAT  \\$aBATCH-UPD$b00$c20160217$lBLL01$h1727
=CAT  \\$aIPL-CLA$c20160331$lBLL01$h1726
=CAT  \\$aBATCH-UPD$b00$c20160524$lBLL01$h2209
=CAT  \\$aBATCH-UPD$b00$c20160525$lBLL01$h0017
=CAT  \\$aBATCH-UPD$b00$c20160824$lBLL01$h1754
=CAT  \\$aIPL-CLA$c20160930$lBLL01$h1603
=CAT  \\$aBATCH-UPD$b00$c20170216$lBLL01$h1843
=CAT  \\$aIPL-CLA$c20170331$lBLL01$h1844
=CAT  \\$aBATCH-UPD$b00$c20170904$lBLL01$h1851
=CAT  \\$aIPL-CLA$c20170929$lBLL01$h1728
=CAT  \\$aBATCH-UPD$b00$c20180223$lBLL01$h1720
=CAT  \\$aIPL-CLA$c20180331$lBLL01$h1619
=CAT  \\$aW1805-0475$c20180520$lBLL01$h1631
=CAT  \\$aBATCH-UPD$b00$c20180524$lBLL01$h1713
=CAT  \\$aIPL-CLA$c20180630$lBLL01$h1916
=CAT  \\$aW1908-0780$b00$c20200730$lBLL01$h1326
=CAT  \\$a5552$b40$c20210810$lBLL01$h1059
=CAT  \\$aIPL-CLA$c20210930$lBLL01$h1527
=CAT  \\$aCDS21$c20220118$lBLL01$h1104
=CAT  \\$aBATCH-UPD$b00$c20221121$lBLL01$h1411
=CAT  \\$aIPL-CLA$c20221231$lBLL01$h1445
=CAT  \\$a5410$b40$c20230302$lBLL01$h1509
=CFI  0\$aCurrent copyright fee: GBP34.95$c22\1$e01-jan-2023$fGBP34.95$g0$hP$5Uk
=CFI  2\$aPrevious copyright fee: GBP43.00$c22\1$e01-oct-2021$fGBP43.00$g0$hP$5Uk
=EST  \\$a1
=FFP  \\$aY$bBLDSS-3PM
=FIN  \\$aY$d20110517
=LKR  \\$aPAR$b011101380$lBLL01$r776$mBiological cybernetics (online)$nBiological cybernetics (Print)
=MNI  \\$a0340-1200
=SID  \\$aZ39$bOCLC
=TCO  \\$aDEU$bVG WORT$c008
=TOC  \\$aETOC
=UNO  \\$aY
=ACF  \\$aPrevious copyright fee: GBP16.67$c22\3$e01-jan-2006$fGBP16.67$g0$hP$5Uk
=ACF  \\$aPrevious copyright fee: GBP16.22$c22\3$e01-apr-2005$fGBP16.22$g0$hP$5Uk
=ACF  \\$aPrevious copyright fee: GBP16.67$c22\3$e01-jan-2005$fGBP16.67$g0$hP$5Uk
=ACF  \\$aPrevious copyright fee: GBP17.14$c22\3$e01-apr-2006$fGBP17.14$g0$hP$5Uk
=ACF  \\$aPrevious copyright fee: GBP22.00$c22\3$e12-aug-2012$fGBP22.00$g0$hP$5Uk
=ACF  \\$aPrevious copyright fee: GBP25.00$c22\3$e01-jan-2013$fGBP25.00$g0$hP$5Uk
=ACF  \\$aPrevious copyright fee: GBP25.77$c22\3$e01-jul-2013$fGBP25.77$g0$hP$5Uk
=ACF  \\$aPrevious copyright fee: GBP24.97$c22\3$e01-jan-2014$fGBP24.97$g0$hP$5Uk
=ACF  \\$aPrevious copyright fee: GBP24.21$c22\3$e01-jul-2014$fGBP24.21$g0$hP$5Uk
=ACF  \\$aPrevious copyright fee: GBP25.77$c22\3$e01-apr-2015$fGBP25.77$g0$hP$5Uk
=ACF  \\$aPrevious copyright fee: GBP26.63$c22\3$e01-jul-2015$fGBP26.63$g0$hP$5Uk
=ACF  \\$aPrevious copyright fee: GBP25.77$c22\3$e01-oct-2015$fGBP25.77$g0$hP$5Uk
=ACF  \\$aPrevious copyright fee: GBP27.55$c22\3$e01-apr-2016$fGBP27.55$g0$hP$5Uk
=ACF  \\$aPrevious copyright fee: GBP29.59$c22\3$e01-oct-2016$fGBP29.59$g0$hP$5Uk
=ACF  \\$aPrevious copyright fee: GBP31.96$c22\3$e01-apr-2017$fGBP31.96$g0$hP$5Uk
=ACF  \\$aPrevious copyright fee: GBP30.73$c22\3$e01-oct-2017$fGBP30.73$g0$hP$5Uk
=ACF  \\$aPrevious copyright fee: GBP28.54$c22\3$e01-apr-2018$fGBP28.54$g0$hP$5Uk
=ACF  \\$aPrevious copyright fee: GBP34.00$c22\1$e01-jul-2018$fGBP34.00$g0$hP$5Uk
=LAS  \\$a5410$b40$c20230302$lBLL01$h1509

