=LDR  06029cas a2201261 a 4500
=001  013089516
=003  Uk
=005  20221231144553.0
=006  m\\\\\\\\d\\\\\\\\
=007  cr\cnu||||||||
=008  000817d20002006gw\bx\pso\\\\\0\\\\0eng\d
=FMT  \\$a  SE
=010  \\$a2009247768
=022  \\$a1615-3146
=035  \\$a(OCoLC)44807157$z(OCoLC)45135261$z(OCoLC)47204935
=040  \\$aOH1$cOH1$dOCLCQ$dMUQ$dCGU$dFQM$dOCLCQ$dOCL$dPFM$dUk
=042  \\$aukblsr
=050  \4$aRD92$b.E97
=082  04$a617.1$223
=130  0\$aEuropean journal of trauma (Online)
=245  10$aEuropean journal of trauma$h[electronic resource].
=260  \\$a[Munich] :$bUrban & Vogel
=310  \\$aBimonthly
=336  \\$atext$2rdacontent
=337  \\$acomputer$2rdamedia
=338  \\$aonline resource$2rdacarrier
=362  0\$aVol. 26, no. 1 (Feb. 2000) - v. 32, no. 6 (Dec. 2006).
=550  \\$aOfficial publication of the European Trauma Society.
=580  \\$aIncludes issues of earlier title: Unfallchirurgie.
=588  \\$aDescription based on: Vol. 26, issue 2 (Apr. 2000); title from general information screen (viewed Aug. 17, 2000).
=588  \\$aLatest issue consulted: v. 32, no. 6 (Dec. 2006) (SpringerLink, viewed June 21, 2011).
=530  \\$aAlso issued in print.
=538  \\$aMode of access: World Wide Web.
=540  \\$aCurrent copyright fee: GBP29.95$c22\1$5Uk
=650  \0$aWounds and injuries$vPeriodicals.
=650  \0$aTraumatology$vPeriodicals.
=650  \0$aOrthopedic surgery$vPeriodicals.
=710  2\$aEuropean Trauma Society.
=776  1\$tEuropean journal of trauma$x1439-0590
=780  00$tUnfallchirurgie$c(Online)
=785  00$tEuropean journal of trauma and emergency surgery (Online)$x1863-9941
=856  \\$31850-9999$uhttp://www.springer.com/gb/$xBLDSS
=856  4\$uhttp://rave.ohiolink.edu/ejournals/issn/14390590/$zConnect to European journal of trauma
=856  40$uhttp://springerlink.com/content/104987/
=856  40$uhttp://www.springerlink.com/content/1439-0590/$zIncludes issues of earlier title: Unfallchirurgie
=859  \\$aXLD$bejournal
=852  41$aBritish Library$bDSC$j3829.747130$3Volume 26:Issue 1(2000)-Volume 32:Issue 6(2006)***See ESTAR for full holdings.
=945  \\$aEuropean journal of trauma.
=959  \\$fHeld but not currently received
=CAT  \\$a6524$b40$c20050122$lBLL01$h1435
=CAT  \\$aBATCH-UPD$b00$c20150219$lBLL01$h1815
=CAT  \\$aIPL-CLA$c20150331$lBLL01$h1638
=CAT  \\$aBATCH-UPD$b00$c20150520$lBLL01$h1812
=CAT  \\$aIPL-CLA$c20150630$lBLL01$h1646
=CAT  \\$aBATCH-UPD$b00$c20150820$lBLL01$h1856
=CAT  \\$aIPL-CLA$c20150930$lBLL01$h1806
=CAT  \\$aBATCH-UPD$b00$c20160217$lBLL01$h1749
=CAT  \\$aIPL-CLA$c20160331$lBLL01$h1726
=CAT  \\$aBATCH-UPD$b00$c20160524$lBLL01$h2209
=CAT  \\$aBATCH-UPD$b00$c20160525$lBLL01$h0018
=CAT  \\$aBATCH-UPD$b00$c20160824$lBLL01$h1817
=CAT  \\$aIPL-CLA$c20160930$lBLL01$h1603
=CAT  \\$aBATCH-UPD$b00$c20170216$lBLL01$h1906
=CAT  \\$aIPL-CLA$c20170331$lBLL01$h1844
=CAT  \\$aBATCH-UPD$b00$c20170904$lBLL01$h1917
=CAT  \\$aIPL-CLA$c20170929$lBLL01$h1728
=CAT  \\$aBATCH-UPD$b00$c20180223$lBLL01$h1749
=CAT  \\$aIPL-CLA$c20180331$lBLL01$h1619
=CAT  \\$aBATCH-UPD$b00$c20180524$lBLL01$h1734
=CAT  \\$aIPL-CLA$c20180630$lBLL01$h1916
=CAT  \\$aW1908-0780$b00$c20200730$lBLL01$h1327
=CAT  \\$a5552$b40$c20200818$lBLL01$h1352
=CAT  \\$aCDS21$c20220118$lBLL01$h1105
=CAT  \\$aBATCH-UPD$b00$c20221121$lBLL01$h1400
=CAT  \\$aIPL-CLA$c20221231$lBLL01$h1445
=CFI  0\$aCurrent copyright fee: GBP29.95$c22\1$e01-jan-2023$fGBP29.95$g0$hP$5Uk
=CFI  2\$aPrevious copyright fee: GBP34.00$c22\1$e01-jul-2018$fGBP34.00$g0$hP$5Uk
=EST  \\$a1
=FFP  \\$aY$bBLDSS-3PM
=FIN  \\$aY$d20110621
=LKR  \\$aPAR$b007858797$lBLL01$r776$mEuropean journal of trauma [electronic resource].$nEuropean journal of trauma (Print).
=MNI  \\$a1439-0590
=SID  \\$aZ39$bOCLC
=TCO  \\$aDEU$bVG WORT$c008
=TOC  \\$aETOC
=UNO  \\$aY
=ACF  \\$aPrevious copyright fee: GBP21.25$c23\8$e01-jan-2009$fGBP21.25$g0$hP$5Uk
=ACF  \\$aPrevious copyright fee: GBP16.75$c23\8$e01-jan-2007$fGBP16.75$g0$hP$5Uk
=ACF  \\$aPrevious copyright fee: GBP16.22$c23\8$e01-oct-2006$fGBP16.22$g0$hP$5Uk
=ACF  \\$aPrevious copyright fee: GBP17.14$c23\8$e01-apr-2006$fGBP17.14$g0$hP$5Uk
=ACF  \\$aPrevious copyright fee: GBP16.67$c23\8$e01-jan-2006$fGBP16.67$g0$hP$5Uk
=ACF  \\$aPrevious copyright fee: GBP16.22$c23\8$e01-apr-2005$fGBP16.22$g0$hP$5Uk
=ACF  \\$aPrevious copyright fee: GBP16.67$c23\8$e01-jan-2005$fGBP16.67$g0$hP$5Uk
=ACF  \\$aPrevious copyright fee: GBP22.00$c23\8$e01-apr-2009$fGBP22.00$g0$hP$5Uk
=ACF  \\$aPrevious copyright fee: GBP22.00$c23\8$e12-aug-2012$fGBP22.00$g0$hP$5Uk
=ACF  \\$aPrevious copyright fee: GBP25.00$c23\8$e01-jan-2013$fGBP25.00$g0$hP$5Uk
=ACF  \\$aPrevious copyright fee: GBP25.77$c23\8$e01-jul-2013$fGBP25.77$g0$hP$5Uk
=ACF  \\$aPrevious copyright fee: GBP24.97$c23\8$e01-jan-2014$fGBP24.97$g0$hP$5Uk
=ACF  \\$aPrevious copyright fee: GBP24.21$c23\8$e01-jul-2014$fGBP24.21$g0$hP$5Uk
=ACF  \\$aPrevious copyright fee: GBP25.77$c23\8$e01-apr-2015$fGBP25.77$g0$hP$5Uk
=ACF  \\$aPrevious copyright fee: GBP26.63$c23\8$e01-jul-2015$fGBP26.63$g0$hP$5Uk
=ACF  \\$aPrevious copyright fee: GBP25.77$c23\8$e01-oct-2015$fGBP25.77$g0$hP$5Uk
=ACF  \\$aPrevious copyright fee: GBP27.55$c23\8$e01-apr-2016$fGBP27.55$g0$hP$5Uk
=ACF  \\$aPrevious copyright fee: GBP29.59$c23\8$e01-oct-2016$fGBP29.59$g0$hP$5Uk
=ACF  \\$aPrevious copyright fee: GBP31.96$c23\8$e01-apr-2017$fGBP31.96$g0$hP$5Uk
=ACF  \\$aPrevious copyright fee: GBP30.73$c23\8$e01-oct-2017$fGBP30.73$g0$hP$5Uk
=ACF  \\$aPrevious copyright fee: GBP28.54$c23\8$e01-apr-2018$fGBP28.54$g0$hP$5Uk
=LAS  \\$aIPL-CLA$b00$c20221231$lBLL01$h1445

