=LDR  06315cas a2201381 a 4500
=001  013089612
=003  Uk
=005  20221231144554.0
=006  m\\\\\o\\d\\\\\\\\
=007  cr\|||||||||||
=008  000818c20009999nyubx\pso\\\\\0\\\a0eng\c
=FMT  \\$a  SE
=010  \\$a  2001229189
=022  \\$a1438-7948$l1438-793X
=035  \\$a(OCoLC)44815154
=040  \\$aOH1$beng$cOH1$dTJC$dFUG$dOCLCQ$dMUQ$dOCL$dOCLCQ$dBUF$dOCLCF$dUk
=042  \\$aukblsr
=050  \4$aQH447$b.F86
=082  04$a572.8605$223
=130  0\$aFunctional & integrative genomics (Online)
=222  \0$aFunctional & integrative genomics$b(Internet)
=245  10$aFunctional & integrative genomics$h[electronic resource].
=246  3\$aFunctional and integrative genomics
=260  \\$a[New York] :$bSpringer-Verlag,$c2000-
=310  \\$aSix issues yearly,$b2015-
=321  \\$aBimonthly,$b2002
=321  \\$aFour issues yearly,$b2003-2014
=336  \\$atext$2rdacontent
=337  \\$acomputer$2rdamedia
=338  \\$aonline resource$2rdacarrier
=362  0\$aVol. 1, issue 1 (May 8, 2000)-
=515  \\$aSome issues combined.
=538  \\$aMode of access: World Wide Web.
=588  \\$aTitle from general information screen (viewed June 12, 2001).
=588  \\$aLatest issue consulted: volume 15, issue 5 (September 2015) (Springer Link, viewed September 8, 2015).
=540  \\$aCurrent copyright fee: GBP29.95$c22\1$5Uk
=650  \0$aGenomes$vPeriodicals.
=650  \0$aGene mapping$vPeriodicals.
=650  \0$aNucleotide sequence$vPeriodicals.
=650  \2$aBase Sequence$vPeriodicals.
=650  \2$aChromosome Mapping$vPeriodicals.
=650  \2$aGenome$vPeriodicals.
=650  \6$aGénomes$vPériodiques.
=650  \6$aCartes chromosomiques$vPériodiques.
=650  \6$aSéquence nucléotidique$vPériodiques.
=650  \7$aGene mapping.$2fast$0(OCoLC)fst00939625
=650  \7$aGenomes.$2fast$0(OCoLC)fst00940225
=650  \7$aNucleotide sequence.$2fast$0(OCoLC)fst01041106
=655  \7$aPeriodicals.$2fast$0(OCoLC)fst01411641
=776  08$iPrint version:$tFunctional & integrative genomics$x1438-793X
=856  \\$31850-9999$uhttp://www.springer.com/gb/$xBLDSS
=856  40$uhttp://link.springer.com/journal/10142
=856  40$uhttp://firstsearch.oclc.org$zAddress for accessing the journal using authorization number and password through OCLC FirstSearch Electronic Collections Online
=859  \\$aXLD$bejournal
=852  41$aBritish Library$bDSC$j4055.595000$3Volume 1:Issue 1(2000)-Volume 18:Issue 2(2018)***See ESTAR for full holdings.
=945  \\$aFUNCTIONAL AND INTEGRATIVE GENOMICS.
=959  \\$fHeld but not currently received
=979  \\$aBritish Library$bDSC$j4055.595000
=985  \\$aCorrected by BSS-generated file for WR# 08/157
=A02  \\$a2590621
=CAT  \\$a7750$b40$c20050123$lBLL01$h0819
=CAT  \\$aBATCH-UPD$b00$c20150520$lBLL01$h1750
=CAT  \\$aIPL-CLA$c20150630$lBLL01$h1646
=CAT  \\$aBATCH-UPD$b00$c20150820$lBLL01$h1837
=CAT  \\$a11316$b40$c20150908$lBLL01$h1453
=CAT  \\$aIPL-CLA$c20150930$lBLL01$h1806
=CAT  \\$aBATCH-UPD$b00$c20160217$lBLL01$h1727
=CAT  \\$aIPL-CLA$c20160331$lBLL01$h1726
=CAT  \\$aBATCH-UPD$b00$c20160524$lBLL01$h2209
=CAT  \\$aBATCH-UPD$b00$c20160525$lBLL01$h0018
=CAT  \\$aBATCH-UPD$b00$c20160824$lBLL01$h1755
=CAT  \\$aIPL-CLA$c20160930$lBLL01$h1603
=CAT  \\$aBATCH-UPD$b00$c20170216$lBLL01$h1843
=CAT  \\$aIPL-CLA$c20170331$lBLL01$h1844
=CAT  \\$aBATCH-UPD$b00$c20170904$lBLL01$h1851
=CAT  \\$aIPL-CLA$c20170929$lBLL01$h1728
=CAT  \\$aBATCH-UPD$b00$c20180223$lBLL01$h1720
=CAT  \\$aIPL-CLA$c20180331$lBLL01$h1619
=CAT  \\$aW1805-0475$c20180520$lBLL01$h1631
=CAT  \\$aBATCH-UPD$b00$c20180524$lBLL01$h1713
=CAT  \\$aIPL-CLA$c20180630$lBLL01$h1916
=CAT  \\$aW1908-0780$b00$c20200730$lBLL01$h1327
=CAT  \\$aCDS21$c20220118$lBLL01$h1105
=CAT  \\$aBATCH-UPD$b00$c20221121$lBLL01$h1400
=CAT  \\$a5410$b40$c20221128$lBLL01$h1437
=CAT  \\$aIPL-CLA$c20221231$lBLL01$h1445
=CFI  0\$aCurrent copyright fee: GBP29.95$c22\1$e01-jan-2023$fGBP29.95$g0$hP$5Uk
=CFI  2\$aPrevious copyright fee: GBP34.00$c22\1$e01-jul-2018$fGBP34.00$g0$hP$5Uk
=EST  \\$a1
=FFP  \\$aY$bBLDSS-3PM
=FIN  \\$aY
=LEO  \\$aMP10.0000241103
=LKR  \\$aPAR$b008537986$lBLL01$nFunctional & integrative genomics (Print)$mFunctional & integrative genomics (Online)$r776
=MNI  \\$a1438-793X
=SID  \\$aZ39$bOCLC
=SRC  \\$aDSS01$bbibmp10.200404.2.aa
=TCO  \\$aDEU$bVG WORT$c008
=TOC  \\$aETOC
=UNO  \\$aY
=ACF  \\$aPrevious copyright fee: GBP16.67$c22\3$e01-jan-2006$fGBP16.67$g0$hP$5Uk
=ACF  \\$aPrevious copyright fee: GBP16.22$c22\3$e01-apr-2005$fGBP16.22$g0$hP$5Uk
=ACF  \\$aPrevious copyright fee: GBP16.67$c22\3$e01-jan-2005$fGBP16.67$g0$hP$5Uk
=ACF  \\$aCurrent copyright fee: GBP20.00$c22\3$e01-jan-2003$fGBP20.00$g0$hP$5Uk
=ACF  \\$aPrevious copyright fee: GBP17.14$c22\3$e01-apr-2006$fGBP17.14$g0$hP$5Uk
=ACF  \\$aPrevious copyright fee: GBP22.00$c22\3$e12-aug-2012$fGBP22.00$g0$hP$5Uk
=ACF  \\$aPrevious copyright fee: GBP25.00$c22\3$e01-jan-2013$fGBP25.00$g0$hP$5Uk
=ACF  \\$aPrevious copyright fee: GBP25.77$c22\3$e01-jul-2013$fGBP25.77$g0$hP$5Uk
=ACF  \\$aPrevious copyright fee: GBP24.97$c22\3$e01-jan-2014$fGBP24.97$g0$hP$5Uk
=ACF  \\$aPrevious copyright fee: GBP24.21$c22\3$e01-jul-2014$fGBP24.21$g0$hP$5Uk
=ACF  \\$aPrevious copyright fee: GBP25.77$c22\3$e01-apr-2015$fGBP25.77$g0$hP$5Uk
=ACF  \\$aPrevious copyright fee: GBP26.63$c22\3$e01-jul-2015$fGBP26.63$g0$hP$5Uk
=ACF  \\$aPrevious copyright fee: GBP25.77$c22\3$e01-oct-2015$fGBP25.77$g0$hP$5Uk
=ACF  \\$aPrevious copyright fee: GBP27.55$c22\3$e01-apr-2016$fGBP27.55$g0$hP$5Uk
=ACF  \\$aPrevious copyright fee: GBP29.59$c22\3$e01-oct-2016$fGBP29.59$g0$hP$5Uk
=ACF  \\$aPrevious copyright fee: GBP31.96$c22\3$e01-apr-2017$fGBP31.96$g0$hP$5Uk
=ACF  \\$aPrevious copyright fee: GBP30.73$c22\3$e01-oct-2017$fGBP30.73$g0$hP$5Uk
=ACF  \\$aPrevious copyright fee: GBP28.54$c22\3$e01-apr-2018$fGBP28.54$g0$hP$5Uk
=LAS  \\$aIPL-CLA$b00$c20221231$lBLL01$h1445

