=LDR  06268cas a2201333 a 4500
=001  013089658
=003  Uk
=005  20221231144555.0
=006  m\\\\\\\\d\\\\\\\\
=007  cr\mnu||||||||
=008  010627c19769999gw\bx\poo\\\\\0\\\\0ger\c
=FMT  \\$a  SE
=010  \\$a2007233923
=022  0\$a1615-6692$l0340-9937$y0340-9937$26
=030  \\$aHERZDW
=035  \\$a(OCoLC)47205307$z(OCoLC)44553975$z(OCoLC)61677381$z(OCoLC)174075126$z(OCoLC)230746152$z(OCoLC)612539627$z(OCoLC)614611355
=040  \\$aFQM$beng$cFQM$dOCLCQ$dOH1$dOCLCQ$dOCL$dGUA$dQCL$dOCLCQ$dCLU$dUk
=041  0\$ager$aeng
=042  \\$aukblsr
=050  14$aRC666
=060  00$aW1$bHE986U
=082  04$a616.1205$223
=130  0\$aHerz (Online)
=210  0\$aHerz$b(Münch., Internet)
=222  \0$aHerz$b(München. Internet)
=245  10$aHerz$h[electronic resource].
=260  \\$aMünchen :$bUrban & Vogel
=260  3\$3<2010->:$aLagenfeld :$bSpringer :$bUrban & Vogel
=310  \\$aEight issues a year,$b2007-
=321  \\$aEight issues a year,$b-2005
=321  \\$aNine issues a year,$b2006
=336  \\$atext$2rdacontent
=337  \\$acomputer$2rdamedia
=338  \\$aonline resource$2rdacarrier
=362  1\$aPrint began with 1. Jahrg. (Juli 1976).
=546  \\$aArticles in German or English, summaries in English and German.
=550  \\$aIssued by Deutsches Herzzentrum München.
=550  \\$aOrgan of: the Bundesverband Niedergelassener Kardiologen, <2010->.
=588  \\$aDescription based on: Vol. 25, no. 2 (May 2000); title from contents screen (SpringerLink, viewed Oct. 30, 2007).
=588  \\$aLatest issue consulted: Vol. 36, no.4 (June 2011) (viewed July 26, 2011).
=540  \\$aCurrent copyright fee: GBP34.95$c22\1$5Uk
=650  \0$aCardiovascular system$xDiseases$vPeriodicals.
=710  2\$aDeutsches Herzzentrum München.
=710  2\$aBundesverband Niedergelassener Kardiologen.
=770  0\$tHerz : cardiovascular diseases. Supplement$x0946-1299
=776  08$iPrint version:$tHerz$x0340-9937
=856  \\$31850-9999$uhttp://www.springer.com/gb/$xBLDSS
=856  40$uhttp://link.springer-ny.com/link/service/journals/00059/index.htm$zHerz$zUM/JMH only
=856  40$uhttp://www.springerlink.com/content/0340-9937/
=859  \\$aXLD$bejournal
=852  41$aBritish Library$bDSC$j4300.396000$3Volume 24:Issue 1(1999)-Volume 43:Issue 2(2018)***See ESTAR for full holdings.
=945  \\$aHerz -Munich-
=959  \\$fHeld but not currently received
=979  \\$aBritish Library$bDSC$j4300.396000
=CAT  \\$a7750$b40$c20050123$lBLL01$h1038
=CAT  \\$aBATCH-UPD$b00$c20150820$lBLL01$h1856
=CAT  \\$a8055$b40$c20150821$lBLL01$h1257
=CAT  \\$aIPL-CLA$c20150930$lBLL01$h1806
=CAT  \\$aBATCH-UPD$b00$c20160217$lBLL01$h1749
=CAT  \\$aIPL-CLA$c20160331$lBLL01$h1726
=CAT  \\$aBATCH-UPD$b00$c20160524$lBLL01$h2209
=CAT  \\$aBATCH-UPD$b00$c20160525$lBLL01$h0018
=CAT  \\$aBATCH-UPD$b00$c20160824$lBLL01$h1817
=CAT  \\$aIPL-CLA$c20160930$lBLL01$h1603
=CAT  \\$aBATCH-UPD$b00$c20170216$lBLL01$h1906
=CAT  \\$aIPL-CLA$c20170331$lBLL01$h1844
=CAT  \\$aBATCH-UPD$b00$c20170904$lBLL01$h1917
=CAT  \\$aIPL-CLA$c20170929$lBLL01$h1728
=CAT  \\$aBATCH-UPD$b00$c20180223$lBLL01$h1749
=CAT  \\$aIPL-CLA$c20180331$lBLL01$h1619
=CAT  \\$aW1805-0475$c20180520$lBLL01$h1631
=CAT  \\$aBATCH-UPD$b00$c20180524$lBLL01$h1734
=CAT  \\$aIPL-CLA$c20180630$lBLL01$h1916
=CAT  \\$aW1908-0780$b00$c20200730$lBLL01$h1327
=CAT  \\$a5552$b40$c20210813$lBLL01$h0949
=CAT  \\$aIPL-CLA$c20210930$lBLL01$h1528
=CAT  \\$aCDS21$c20220118$lBLL01$h1105
=CAT  \\$aBATCH-UPD$b00$c20221121$lBLL01$h1411
=CAT  \\$a5410$b40$c20221203$lBLL01$h1027
=CAT  \\$aIPL-CLA$c20221231$lBLL01$h1445
=CFI  0\$aCurrent copyright fee: GBP34.95$c22\1$e01-jan-2023$fGBP34.95$g0$hP$5Uk
=CFI  2\$aPrevious copyright fee: GBP43.00$c22\1$e01-oct-2021$fGBP43.00$g0$hP$5Uk
=EST  \\$a1
=FFP  \\$aY$bBLDSS-3PM
=FIN  \\$aY$d20110726
=LKR  \\$aPAR$b009202292$lBLL01$r776$mHerz (Online)$nHerz (Print)
=MNI  \\$a0340-9937
=SID  \\$aZ39$bOCLC
=TCO  \\$aDEU$bVG WORT$c008
=TOC  \\$aETOC
=UNO  \\$aY
=ACF  \\$aPrevious copyright fee: GBP21.25$c23\8$e01-jan-2009$fGBP21.25$g0$hP$5Uk
=ACF  \\$aPrevious copyright fee: GBP16.75$c23\8$e01-jan-2007$fGBP16.75$g0$hP$5Uk
=ACF  \\$aPrevious copyright fee: GBP16.22$c23\8$e01-oct-2006$fGBP16.22$g0$hP$5Uk
=ACF  \\$aPrevious copyright fee: GBP17.14$c23\8$e01-apr-2006$fGBP17.14$g0$hP$5Uk
=ACF  \\$aPrevious copyright fee: GBP16.67$c23\8$e01-jan-2006$fGBP16.67$g0$hP$5Uk
=ACF  \\$aPrevious copyright fee: GBP16.22$c23\8$e01-apr-2005$fGBP16.22$g0$hP$5Uk
=ACF  \\$aPrevious copyright fee: GBP16.67$c23\8$e01-jan-2005$fGBP16.67$g0$hP$5Uk
=ACF  \\$aPrevious copyright fee: GBP22.00$c23\8$e01-apr-2009$fGBP22.00$g0$hP$5Uk
=ACF  \\$aPrevious copyright fee: GBP22.00$c23\8$e12-aug-2012$fGBP22.00$g0$hP$5Uk
=ACF  \\$aPrevious copyright fee: GBP25.00$c23\8$e01-jan-2013$fGBP25.00$g0$hP$5Uk
=ACF  \\$aPrevious copyright fee: GBP25.77$c23\8$e01-jul-2013$fGBP25.77$g0$hP$5Uk
=ACF  \\$aPrevious copyright fee: GBP24.97$c23\8$e01-jan-2014$fGBP24.97$g0$hP$5Uk
=ACF  \\$aPrevious copyright fee: GBP24.21$c23\8$e01-jul-2014$fGBP24.21$g0$hP$5Uk
=ACF  \\$aPrevious copyright fee: GBP25.77$c23\8$e01-apr-2015$fGBP25.77$g0$hP$5Uk
=ACF  \\$aPrevious copyright fee: GBP26.63$c23\8$e01-jul-2015$fGBP26.63$g0$hP$5Uk
=ACF  \\$aPrevious copyright fee: GBP25.77$c23\8$e01-oct-2015$fGBP25.77$g0$hP$5Uk
=ACF  \\$aPrevious copyright fee: GBP27.55$c23\8$e01-apr-2016$fGBP27.55$g0$hP$5Uk
=ACF  \\$aPrevious copyright fee: GBP29.59$c23\8$e01-oct-2016$fGBP29.59$g0$hP$5Uk
=ACF  \\$aPrevious copyright fee: GBP31.96$c23\8$e01-apr-2017$fGBP31.96$g0$hP$5Uk
=ACF  \\$aPrevious copyright fee: GBP30.73$c23\8$e01-oct-2017$fGBP30.73$g0$hP$5Uk
=ACF  \\$aPrevious copyright fee: GBP28.54$c23\8$e01-apr-2018$fGBP28.54$g0$hP$5Uk
=ACF  \\$aPrevious copyright fee: GBP34.00$c22\1$e01-jul-2018$fGBP34.00$g0$hP$5Uk
=LAS  \\$aIPL-CLA$b00$c20221231$lBLL01$h1445

