=LDR  05925cas a2201237 a 4500
=001  013089662
=003  Uk
=005  20221231144555.0
=006  m\\\\\\\\d\\\\\\\\
=007  cr\mnu||||||||
=008  990422c19959999gw\mr\pso\\\\\0\\\\0eng\c
=FMT  \\$a  SE
=010  \\$a2004233659
=022  0\$a1432-119X$l0948-6143$y0948-6143
=035  \\$a(OCoLC)41231330
=040  \\$aDLM$cDLM$dOCLCQ$dGUA$dMUQ$dOCL$dOCLCQ$dSERSO$dUk
=042  \\$aukblsr
=050  14$aQH611
=082  04$a572$223
=130  0\$aHistochemistry and cell biology (Online)
=222  \0$aHistochemistry and cell biology$b(Internet)
=245  10$aHistochemistry and cell biology$h[electronic resource].
=246  17$aHistochem cell biol
=260  \\$aHeidelberg :$bSpringer-Verlag
=310  \\$aMonthly
=336  \\$atext$2rdacontent
=337  \\$acomputer$2rdamedia
=338  \\$aonline resource$2rdacarrier
=362  1\$aPrint began with vol. 103, no. 1 (Jan. 1995).
=580  \\$aIncludes issues of earlier titles: Histochemistry, Histochemie, and: Zeitschrift für Zellforschung und mikroskopische Anatomie. Abteilung Histochemie.
=588  \\$aDescription based on: Vol. 106, no. 1 (July 1996); title from contents screen (Springer LINK, viewed May 6, 2004).
=588  \\$aLatest issue consulted: Vol. 136, no. 1 (July 2011), viewed July 26, 2011.
=515  \\$aSome issues combined.
=538  \\$aMode of access: World Wide Web.
=540  \\$aCurrent copyright fee: GBP34.95$c22\1$5Uk
=650  \0$aHistochemistry$vPeriodicals.
=650  \0$aCytology$vPeriodicals.
=650  \2$aCell Biology$vPeriodicals.
=650  \2$aHistocytochemistry$vPeriodicals.
=776  08$iPrint version:$tHistochemistry and cell biology$x0948-6143
=780  00$tHistochemistry$c(Online)
=856  \\$31850-9999$uhttp://www.springer.com/gb/$xBLDSS
=856  40$uhttp://www.springerlink.com/link.asp?id=100427
=856  40$uhttp://www.springerlink.com/openurl.asp?genre=journal&eissn=1432-119X
=856  40$uhttp://www.springerlink.com/content/0948-6143/$zIncludes issues of earlier titles: Histochemistry, Histochemie, and: Zeitschrift für Zellforschung und mikroskopische Anatomie. Abteilung Histochemie
=859  \\$aXLD$bejournal
=852  41$aBritish Library$bDSC$j4316.003100$3Volume 113:Issue 4(2000)-Volume 149:Issue 3(2018)***See ESTAR for full holdings.
=945  \\$aHistochemistry and cell biology
=959  \\$fHeld but not currently received
=979  \\$aBritish Library$bDSC$j4316.003100
=CAT  \\$a7750$b40$c20050123$lBLL01$h1051
=CAT  \\$aIPL-CLA$c20150630$lBLL01$h1646
=CAT  \\$aBATCH-UPD$b00$c20150820$lBLL01$h1837
=CAT  \\$aIPL-CLA$c20150930$lBLL01$h1806
=CAT  \\$aBATCH-UPD$b00$c20160217$lBLL01$h1727
=CAT  \\$aIPL-CLA$c20160331$lBLL01$h1726
=CAT  \\$aBATCH-UPD$b00$c20160524$lBLL01$h2209
=CAT  \\$aBATCH-UPD$b00$c20160525$lBLL01$h0018
=CAT  \\$aBATCH-UPD$b00$c20160824$lBLL01$h1755
=CAT  \\$aIPL-CLA$c20160930$lBLL01$h1603
=CAT  \\$aBATCH-UPD$b00$c20170216$lBLL01$h1843
=CAT  \\$aIPL-CLA$c20170331$lBLL01$h1844
=CAT  \\$aBATCH-UPD$b00$c20170904$lBLL01$h1851
=CAT  \\$aIPL-CLA$c20170929$lBLL01$h1728
=CAT  \\$aBATCH-UPD$b00$c20180223$lBLL01$h1720
=CAT  \\$aIPL-CLA$c20180331$lBLL01$h1620
=CAT  \\$aW1805-0475$c20180520$lBLL01$h1631
=CAT  \\$aBATCH-UPD$b00$c20180524$lBLL01$h1713
=CAT  \\$aIPL-CLA$c20180630$lBLL01$h1916
=CAT  \\$aW1908-0780$b00$c20200730$lBLL01$h1327
=CAT  \\$a5552$b40$c20210813$lBLL01$h1002
=CAT  \\$aIPL-CLA$c20210930$lBLL01$h1528
=CAT  \\$aCDS21$c20220118$lBLL01$h1105
=CAT  \\$aBATCH-UPD$b00$c20221121$lBLL01$h1411
=CAT  \\$a5410$b40$c20221203$lBLL01$h1030
=CAT  \\$aIPL-CLA$c20221231$lBLL01$h1445
=CFI  0\$aCurrent copyright fee: GBP34.95$c22\1$e01-jan-2023$fGBP34.95$g0$hP$5Uk
=CFI  2\$aPrevious copyright fee: GBP43.00$c22\1$e01-oct-2021$fGBP43.00$g0$hP$5Uk
=EST  \\$a1
=FFP  \\$aY$bBLDSS-3PM
=FIN  \\$aY$d20110726
=LKR  \\$aPAR$b009203335$lBLL01$r776$mHistochemistry and cell biology (Online)$nHistochemistry and cell biology (Print)
=MNI  \\$a0948-6143
=SID  \\$aZ39$bOCLC
=TCO  \\$aDEU$bVG WORT$c008
=TOC  \\$aETOC
=UNO  \\$aY
=ACF  \\$aPrevious copyright fee: GBP16.67$c22\3$e01-jan-2006$fGBP16.67$g0$hP$5Uk
=ACF  \\$aPrevious copyright fee: GBP16.22$c22\3$e01-apr-2005$fGBP16.22$g0$hP$5Uk
=ACF  \\$aPrevious copyright fee: GBP16.67$c22\3$e01-jan-2005$fGBP16.67$g0$hP$5Uk
=ACF  \\$aPrevious copyright fee: GBP17.14$c22\3$e01-apr-2006$fGBP17.14$g0$hP$5Uk
=ACF  \\$aPrevious copyright fee: GBP22.00$c22\3$e12-aug-2012$fGBP22.00$g0$hP$5Uk
=ACF  \\$aPrevious copyright fee: GBP25.00$c22\3$e01-jan-2013$fGBP25.00$g0$hP$5Uk
=ACF  \\$aPrevious copyright fee: GBP25.77$c22\3$e01-jul-2013$fGBP25.77$g0$hP$5Uk
=ACF  \\$aPrevious copyright fee: GBP24.97$c22\3$e01-jan-2014$fGBP24.97$g0$hP$5Uk
=ACF  \\$aPrevious copyright fee: GBP24.21$c22\3$e01-jul-2014$fGBP24.21$g0$hP$5Uk
=ACF  \\$aPrevious copyright fee: GBP25.77$c22\3$e01-apr-2015$fGBP25.77$g0$hP$5Uk
=ACF  \\$aPrevious copyright fee: GBP26.63$c22\3$e01-jul-2015$fGBP26.63$g0$hP$5Uk
=ACF  \\$aPrevious copyright fee: GBP25.77$c22\3$e01-oct-2015$fGBP25.77$g0$hP$5Uk
=ACF  \\$aPrevious copyright fee: GBP27.55$c22\3$e01-apr-2016$fGBP27.55$g0$hP$5Uk
=ACF  \\$aPrevious copyright fee: GBP29.59$c22\3$e01-oct-2016$fGBP29.59$g0$hP$5Uk
=ACF  \\$aPrevious copyright fee: GBP31.96$c22\3$e01-apr-2017$fGBP31.96$g0$hP$5Uk
=ACF  \\$aPrevious copyright fee: GBP30.73$c22\3$e01-oct-2017$fGBP30.73$g0$hP$5Uk
=ACF  \\$aPrevious copyright fee: GBP28.54$c22\3$e01-apr-2018$fGBP28.54$g0$hP$5Uk
=ACF  \\$aPrevious copyright fee: GBP34.00$c22\1$e01-jul-2018$fGBP34.00$g0$hP$5Uk
=LAS  \\$aIPL-CLA$b00$c20221231$lBLL01$h1445

