=LDR  05397cas a2201153 a 4500
=001  013089675
=003  Uk
=005  20221231144555.0
=006  m\\\\\\\\d\\\\\\\\
=007  cr\mnu||||||||
=008  981002d19101999gw\qx\pss\\\\\0\\\\0ger\d
=FMT  \\$a  SE
=010  \\$a2004233665
=022  \\$a1432-1149$y0016-7835
=035  \\$a(OCoLC)39979991
=040  \\$aPIT$cPIT$dOCL$dFTU$dOCLCQ$dGUA
=042  \\$alcd
=050  14$aQE1
=130  0\$aGeologische Rundschau (Online)
=222  \0$aGeologische Rundschau (1910. Internet)
=245  10$aGeologische Rundschau$h[electronic resource].
=260  \\$aHeidelberg :$bSpringer-Verlag,$c-c1999.
=310  \\$aFour issues a year
=336  \\$atext$2rdacontent
=337  \\$acomputer$2rdamedia
=338  \\$aonline resource$2rdacarrier
=362  1\$aPrint began with 1. Bd., Heft 1 (26 Apr. 1910).
=362  0\$a-v. 87, no. 4 (Mar. 1999).
=500  \\$aDescription based on: Vol. 85, no. 2 (June 1996); title from contents screen (Springer LINK, viewed May 7, 2004).
=500  \\$aLatest issue consulted: Vol. 87, no. 4 (Mar. 1999) (viewed, Mar. 2, 2010).
=525  \\$aSupplements accompany some issues.
=538  \\$aMode of access: World Wide Web.
=540  \\$aCurrent copyright fee: GBP29.95$c22\1$5Uk
=650  \0$aGeology$vPeriodicals.
=776  08$iPrint version:$tGeologische Rundschau$x0016-7835
=785  00$tInternational journal of earth sciences (Online)$x1437-3262
=856  \\$31850-9999$uhttp://www.springer.com/gb/$xBLDSS
=856  40$uhttp://www.springerlink.com/link.asp?id=100419
=856  40$uhttp://www.springerlink.com/openurl.asp?genre=journal&eissn=1432-1149
=856  40$uhttp://www.springerlink.com/openurl.asp?genre=journal&eissn=1437-3262$zIssues also listed under later title: International journal of earth sciences (Online)
=859  \\$aXLD$bejournal
=852  41$aBritish Library$bDSC$j4145.000000$3Volume 85:Issue 1(1996)-Volume 87:Issue 4(1998)***See ESTAR for full holdings.
=945  \\$aGEOLOGISCHE RUNDSCHAU.
=959  \\$fHeld but not currently received
=CAT  \\$a7750$b40$c20050123$lBLL01$h1116
=CAT  \\$aBLDSS-3PM$b00$c20150103$lBLL01$h1044
=CAT  \\$aBATCH-UPD$b00$c20150219$lBLL01$h1742
=CAT  \\$aIPL-CLA$c20150331$lBLL01$h1638
=CAT  \\$aBATCH-UPD$b00$c20150520$lBLL01$h1750
=CAT  \\$aIPL-CLA$c20150630$lBLL01$h1646
=CAT  \\$aBATCH-UPD$b00$c20150820$lBLL01$h1837
=CAT  \\$aIPL-CLA$c20150930$lBLL01$h1806
=CAT  \\$aBATCH-UPD$b00$c20160217$lBLL01$h1727
=CAT  \\$aIPL-CLA$c20160331$lBLL01$h1726
=CAT  \\$aBATCH-UPD$b00$c20160524$lBLL01$h2210
=CAT  \\$aBATCH-UPD$b00$c20160525$lBLL01$h0018
=CAT  \\$aBATCH-UPD$b00$c20160824$lBLL01$h1755
=CAT  \\$aIPL-CLA$c20160930$lBLL01$h1603
=CAT  \\$aBATCH-UPD$b00$c20170216$lBLL01$h1843
=CAT  \\$aIPL-CLA$c20170331$lBLL01$h1844
=CAT  \\$aBATCH-UPD$b00$c20170904$lBLL01$h1851
=CAT  \\$aIPL-CLA$c20170929$lBLL01$h1728
=CAT  \\$aBATCH-UPD$b00$c20180223$lBLL01$h1720
=CAT  \\$aIPL-CLA$c20180331$lBLL01$h1620
=CAT  \\$aBATCH-UPD$b00$c20180524$lBLL01$h1713
=CAT  \\$aIPL-CLA$c20180630$lBLL01$h1916
=CAT  \\$aW1908-0780$b00$c20200730$lBLL01$h1327
=CAT  \\$aCDS21$c20220118$lBLL01$h1105
=CAT  \\$aBATCH-UPD$b00$c20221121$lBLL01$h1400
=CAT  \\$aIPL-CLA$c20221231$lBLL01$h1445
=CFI  0\$aCurrent copyright fee: GBP29.95$c22\1$e01-jan-2023$fGBP29.95$g0$hP$5Uk
=CFI  2\$aPrevious copyright fee: GBP34.00$c22\1$e01-jul-2018$fGBP34.00$g0$hP$5Uk
=EST  \\$a1
=FFP  \\$aY$bBLDSS-3PM
=FIN  \\$aY$d20100302
=LKR  \\$aPAR$b008541815$lBLL01$r776$mGeologische rundschau (Online)$nGEOLOGISCHE RUNDSCHAU.
=MNI  \\$a0016-7835
=SID  \\$aZ39$bOCLC
=TCO  \\$aDEU$bVG WORT$c008
=TOC  \\$aETOC
=UNO  \\$aY
=ACF  \\$aPrevious copyright fee: GBP16.67$c22\3$e01-jan-2006$fGBP16.67$g0$hP$5Uk
=ACF  \\$aPrevious copyright fee: GBP16.22$c22\3$e01-apr-2005$fGBP16.22$g0$hP$5Uk
=ACF  \\$aPrevious copyright fee: GBP16.67$c22\3$e01-jan-2005$fGBP16.67$g0$hP$5Uk
=ACF  \\$aPrevious copyright fee: GBP17.14$c22\3$e01-apr-2006$fGBP17.14$g0$hP$5Uk
=ACF  \\$aPrevious copyright fee: GBP22.00$c22\3$e12-aug-2012$fGBP22.00$g0$hP$5Uk
=ACF  \\$aPrevious copyright fee: GBP25.00$c22\3$e01-jan-2013$fGBP25.00$g0$hP$5Uk
=ACF  \\$aPrevious copyright fee: GBP25.77$c22\3$e01-jul-2013$fGBP25.77$g0$hP$5Uk
=ACF  \\$aPrevious copyright fee: GBP24.97$c22\3$e01-jan-2014$fGBP24.97$g0$hP$5Uk
=ACF  \\$aPrevious copyright fee: GBP24.21$c22\3$e01-jul-2014$fGBP24.21$g0$hP$5Uk
=ACF  \\$aPrevious copyright fee: GBP25.77$c22\3$e01-apr-2015$fGBP25.77$g0$hP$5Uk
=ACF  \\$aPrevious copyright fee: GBP26.63$c22\3$e01-jul-2015$fGBP26.63$g0$hP$5Uk
=ACF  \\$aPrevious copyright fee: GBP25.77$c22\3$e01-oct-2015$fGBP25.77$g0$hP$5Uk
=ACF  \\$aPrevious copyright fee: GBP27.55$c22\3$e01-apr-2016$fGBP27.55$g0$hP$5Uk
=ACF  \\$aPrevious copyright fee: GBP29.59$c22\3$e01-oct-2016$fGBP29.59$g0$hP$5Uk
=ACF  \\$aPrevious copyright fee: GBP31.96$c22\3$e01-apr-2017$fGBP31.96$g0$hP$5Uk
=ACF  \\$aPrevious copyright fee: GBP30.73$c22\3$e01-oct-2017$fGBP30.73$g0$hP$5Uk
=ACF  \\$aPrevious copyright fee: GBP28.54$c22\3$e01-apr-2018$fGBP28.54$g0$hP$5Uk
=LAS  \\$aIPL-CLA$b00$c20221231$lBLL01$h1445

