=LDR  06111cas a2201273 a 4500
=001  013089708
=003  Uk
=005  20221231144556.0
=006  m\\\\\\\\d\\\\\\\\
=007  cr\mnu||||||||
=008  981006c19749999gw\mr\poo\\\\\0\\\a0eng\c
=FMT  \\$a  SE
=010  \\$a2004233560
=022  0\$a1432-1416$l0303-6812$y0303-6812$26
=030  \\$aJMBLAJ
=035  \\$a(OCoLC)40044587$z(OCoLC)525783130
=040  \\$aPIT$cPIT$dOCLCQ$dTWT$dGUA$dOCLCQ$dMUQ$dOCL$dVRC$dOCLCQ$dCLU$dCCO$dUk
=042  \\$aukblsr
=050  14$aQH323.5
=060  00$aW1$bJO748SE
=082  04$a570.151$223
=130  0\$aJournal of mathematical biology (Online)
=210  0\$aJ. math. biol.$b(Internet)
=222  \0$aJournal of mathematical biology$b(Internet)
=245  10$aJournal of mathematical biology$h[electronic resource].
=246  30$aMathematical biology
=260  \\$aHeidelberg :$bSpringer-Verlag Heidelberg
=310  \\$a12 issues yearly,$b<1999->
=321  \\$aFrequency varies,$b<1996->
=336  \\$atext$2rdacontent
=337  \\$acomputer$2rdamedia
=338  \\$aonline resource$2rdacarrier
=362  1\$aPrint began with vol. 1 in 1974.
=515  \\$aSome no. combined.
=550  \\$aOfficial journal of: the European Society for Mathematical and Theoretical Biology, <2008->.
=588  \\$aDescription based on: Vol. 34, no. 5/6 (May 1996); title from contents screen (Springer LINK, viewed Apr. 21, 2004).
=588  \\$aLatest issue consulted: Vol. 63, number 3 (Sept. 2011) (SpringerLink, viewed Sept. 6, 2011).
=540  \\$aCurrent copyright fee: GBP29.95$c22\1$5Uk
=650  \0$aBiomathematics$vPeriodicals.
=655  \0$aComputer network resources.
=655  \0$aElectronic journals.
=710  2\$aEuropean Society for Mathematical and Theoretical Biology.
=776  08$iPrint version:$tJournal of mathematical biology$x0303-6812
=856  \\$31850-9999$uhttp://www.springer.com/gb/$xBLDSS
=856  40$uhttp://firstsearch.oclc.org$zAddress for accessing the journal using authorization number and password through OCLC FirstSearch Electronic Collections Online
=856  40$uhttp://firstsearch.oclc.org/journal=0303-6812;screen=info;ECOIP$zAddress for accessing the journal from an authorized IP address through OCLC FirstSearch Electronic Collections Online
=856  40$uhttp://www.springerlink.com/link.asp?id=100436
=856  40$uhttp://www.springerlink.com/openurl.asp?genre=journal&eissn=1432-1416
=859  \\$aXLD$bejournal
=852  41$aBritish Library$bDSC$j5012.375000$3Volume 50:Issue 3(2005)-Volume 76:Issue 6(2018)***See ESTAR for full holdings.
=945  \\$aJOURNAL OF MATHEMATICAL BIOLOGY.
=959  \\$fHeld but not currently received
=979  \\$aBritish Library$bDSC$j5012.375000
=CAT  \\$a10902$b40$c20050123$lBLL01$h1324
=CAT  \\$aIPL-CLA$c20150331$lBLL01$h1638
=CAT  \\$aBATCH-UPD$b00$c20150520$lBLL01$h1750
=CAT  \\$aIPL-CLA$c20150630$lBLL01$h1646
=CAT  \\$aBATCH-UPD$b00$c20150820$lBLL01$h1837
=CAT  \\$aIPL-CLA$c20150930$lBLL01$h1806
=CAT  \\$aBATCH-UPD$b00$c20160217$lBLL01$h1727
=CAT  \\$aIPL-CLA$c20160331$lBLL01$h1726
=CAT  \\$aBATCH-UPD$b00$c20160524$lBLL01$h2210
=CAT  \\$aBATCH-UPD$b00$c20160525$lBLL01$h0019
=CAT  \\$aBATCH-UPD$b00$c20160824$lBLL01$h1755
=CAT  \\$aIPL-CLA$c20160930$lBLL01$h1603
=CAT  \\$aBATCH-UPD$b00$c20170216$lBLL01$h1843
=CAT  \\$aIPL-CLA$c20170331$lBLL01$h1844
=CAT  \\$aBATCH-UPD$b00$c20170904$lBLL01$h1851
=CAT  \\$aIPL-CLA$c20170929$lBLL01$h1728
=CAT  \\$aBATCH-UPD$b00$c20180223$lBLL01$h1720
=CAT  \\$aIPL-CLA$c20180331$lBLL01$h1620
=CAT  \\$aW1805-0475$c20180520$lBLL01$h1631
=CAT  \\$aBATCH-UPD$b00$c20180524$lBLL01$h1713
=CAT  \\$aIPL-CLA$c20180630$lBLL01$h1916
=CAT  \\$aW1908-0780$b00$c20200730$lBLL01$h1327
=CAT  \\$aCDS21$c20220118$lBLL01$h1105
=CAT  \\$aBATCH-UPD$b00$c20221121$lBLL01$h1400
=CAT  \\$a5410$b40$c20221204$lBLL01$h1428
=CAT  \\$aIPL-CLA$c20221231$lBLL01$h1445
=CFI  0\$aCurrent copyright fee: GBP29.95$c22\1$e01-jan-2023$fGBP29.95$g0$hP$5Uk
=CFI  2\$aPrevious copyright fee: GBP34.00$c22\1$e01-jul-2018$fGBP34.00$g0$hP$5Uk
=EST  \\$a1
=FFP  \\$aY$bBLDSS-3PM
=FIN  \\$aY$d20110906
=LKR  \\$aPAR$b010490690$lBLL01$r776$mJournal of mathematical biology (Online)$nJournal of mathematical biology (Print)
=MNI  \\$a0303-6812
=SID  \\$aZ39$bOCLC
=TCO  \\$aZZZ$c008
=TCO  \\$aXXX$c008
=TOC  \\$aETOC
=UNO  \\$aY
=ACF  \\$aPrevious copyright fee: GBP16.67$c22\3$e01-jan-2006$fGBP16.67$g0$hP$5Uk
=ACF  \\$aPrevious copyright fee: GBP16.22$c22\3$e01-apr-2005$fGBP16.22$g0$hP$5Uk
=ACF  \\$aPrevious copyright fee: GBP16.67$c22\3$e01-jan-2005$fGBP16.67$g0$hP$5Uk
=ACF  \\$aPrevious copyright fee: GBP17.14$c22\3$e01-apr-2006$fGBP17.14$g0$hP$5Uk
=ACF  \\$aPrevious copyright fee: GBP22.00$c22\3$e12-aug-2012$fGBP22.00$g0$hP$5Uk
=ACF  \\$aPrevious copyright fee: GBP25.00$c22\3$e01-jan-2013$fGBP25.00$g0$hP$5Uk
=ACF  \\$aPrevious copyright fee: GBP25.77$c22\3$e01-jul-2013$fGBP25.77$g0$hP$5Uk
=ACF  \\$aPrevious copyright fee: GBP24.97$c22\3$e01-jan-2014$fGBP24.97$g0$hP$5Uk
=ACF  \\$aPrevious copyright fee: GBP24.21$c22\3$e01-jul-2014$fGBP24.21$g0$hP$5Uk
=ACF  \\$aPrevious copyright fee: GBP25.77$c22\3$e01-apr-2015$fGBP25.77$g0$hP$5Uk
=ACF  \\$aPrevious copyright fee: GBP26.63$c22\3$e01-jul-2015$fGBP26.63$g0$hP$5Uk
=ACF  \\$aPrevious copyright fee: GBP25.77$c22\3$e01-oct-2015$fGBP25.77$g0$hP$5Uk
=ACF  \\$aPrevious copyright fee: GBP27.55$c22\3$e01-apr-2016$fGBP27.55$g0$hP$5Uk
=ACF  \\$aPrevious copyright fee: GBP29.59$c22\3$e01-oct-2016$fGBP29.59$g0$hP$5Uk
=ACF  \\$aPrevious copyright fee: GBP31.96$c22\3$e01-apr-2017$fGBP31.96$g0$hP$5Uk
=ACF  \\$aPrevious copyright fee: GBP30.73$c22\3$e01-oct-2017$fGBP30.73$g0$hP$5Uk
=ACF  \\$aPrevious copyright fee: GBP28.54$c22\3$e01-apr-2018$fGBP28.54$g0$hP$5Uk
=LAS  \\$aIPL-CLA$b00$c20221231$lBLL01$h1445

