=LDR  06371cas a2201357 a 4500
=001  013089726
=003  Uk
=005  20230422113407.0
=006  m\\\\\\\\d\\\\\\\\
=007  cr\cn|||||||||
=008  991216c19889999ja\br\pss\\\\\0\\\a0eng\c
=FMT  \\$a  SE
=010  \\$a2001227179
=022  \\$a1435-5604$y0914-8779
=035  \\$a(OCoLC)43039425
=040  \\$aGAT$cGAT$dEYM$dOCLCQ$dMUQ$dOCL$dOCLCQ$dUk
=042  \\$aukblsr
=050  14$aRC931.M45$bJ68
=082  04$a616.716005$223
=130  0\$aJournal of bone and mineral metabolism (Online)
=222  \0$aJournal of bone and mineral metabolism$b(English ed. Internet)
=245  10$aJournal of bone and mineral metabolism$h[electronic resource] :$bJBMM.
=246  30$aJBMM
=246  30$aBone and mineral metabolism
=260  \\$aTokyo :$bJapanese Society of Bone and Mineral Metabolism
=260  3\$aTokyo :$bSpringer Japan
=310  \\$aBimonthly,$b2000-
=321  \\$aQuarterly,$b1996-1999
=321  \\$aFrequency varies,$b1991-1995
=321  \\$aThree issues yearly,$b1988-1990
=336  \\$atext$2rdacontent
=337  \\$acomputer$2rdamedia
=338  \\$aonline resource$2rdacarrier
=362  1\$aPrint began with vol. 6, no. 1 (Mar. 1988).
=588  \\$aDescription based on: Vol. 16, issue 1 (1998); title from journal home page (viewed Dec. 16, 1999).
=588  \\$aLatest issue consulted: Vol. 29, no. 4 (July 2011) (SpringerLink, viewed Sept. 14, 2011).
=530  \\$aAlso issued in print.
=540  \\$aCurrent copyright fee: GBP34.95$c22\1$5Uk
=650  \0$aBones$xGrowth$vPeriodicals.
=650  \0$aBones$xMetabolism$xDisorders$vPeriodicals.
=650  \0$aBones$xPhysiology$vPeriodicals.
=650  \0$aBones$xDiseases$vPeriodicals.
=650  \0$aMineral metabolism$xDisorders$vPeriodicals.
=710  2\$aNihon Kotsu Taisha Gakkai.
=776  1\$tJournal of bone and mineral metabolism$x0914-8779
=780  01$tNihon Kotsu Taisha Gakkai zasshi$x1884-9210
=856  \\$31850-9999$uhttp://www.springer.com/gb/$xBLDSS
=856  40$uhttp://firstsearch.oclc.org$zAddress for accessing the journal using authorization number and password through OCLC FirstSearch Electronic Collections Online
=856  40$uhttp://link.springer-ny.com/link/service/journals/00774/index.htm
=856  40$uhttp://www.springerlink.com/content/101814
=859  \\$aXLD$bejournal
=852  41$aBritish Library$bDSC$j4954.255500$3Volume 23:Issue 1(2005)-Volume 36:Issue 2(2018)***See ESTAR for full holdings.
=945  \\$aJournal of bone and mineral metabolism
=959  \\$fHeld but not currently received
=979  \\$aBritish Library$bDSC$j4954.255500
=CAT  \\$a10902$b40$c20050123$lBLL01$h1411
=CAT  \\$aBATCH-UPD$b00$c20150520$lBLL01$h1805
=CAT  \\$aIPL-CLA$c20150630$lBLL01$h1646
=CAT  \\$aBATCH-UPD$b00$c20150820$lBLL01$h1851
=CAT  \\$aIPL-CLA$c20150930$lBLL01$h1806
=CAT  \\$aBATCH-UPD$b00$c20160217$lBLL01$h1743
=CAT  \\$aIPL-CLA$c20160331$lBLL01$h1726
=CAT  \\$aBATCH-UPD$b00$c20160524$lBLL01$h2210
=CAT  \\$aBATCH-UPD$b00$c20160525$lBLL01$h0019
=CAT  \\$aBATCH-UPD$b00$c20160824$lBLL01$h1809
=CAT  \\$aIPL-CLA$c20160930$lBLL01$h1603
=CAT  \\$aBATCH-UPD$b00$c20170216$lBLL01$h1858
=CAT  \\$aIPL-CLA$c20170331$lBLL01$h1844
=CAT  \\$aBATCH-UPD$b00$c20170904$lBLL01$h1909
=CAT  \\$aIPL-CLA$c20170929$lBLL01$h1728
=CAT  \\$aBATCH-UPD$b00$c20180223$lBLL01$h1742
=CAT  \\$aIPL-CLA$c20180331$lBLL01$h1620
=CAT  \\$aW1805-0475$c20180520$lBLL01$h1631
=CAT  \\$aBATCH-UPD$b00$c20180524$lBLL01$h1727
=CAT  \\$aIPL-CLA$c20180630$lBLL01$h1916
=CAT  \\$aW1908-0780$b00$c20200730$lBLL01$h1327
=CAT  \\$a5552$b40$c20210816$lBLL01$h1228
=CAT  \\$aIPL-CLA$c20210930$lBLL01$h1528
=CAT  \\$aCDS21$c20220118$lBLL01$h1105
=CAT  \\$aBATCH-UPD$b00$c20221121$lBLL01$h1411
=CAT  \\$aIPL-CLA$c20221231$lBLL01$h1445
=CAT  \\$a5410$b40$c20230422$lBLL01$h1134
=CFI  0\$aCurrent copyright fee: GBP34.95$c22\1$e01-jan-2023$fGBP34.95$g0$hP$5Uk
=CFI  2\$aPrevious copyright fee: GBP43.00$c22\1$e01-oct-2021$fGBP43.00$g0$hP$5Uk
=EST  \\$a1
=FFP  \\$aY$bBLDSS-3PM
=FIN  \\$aY$d20110914
=MNI  \\$a0914-8779
=SID  \\$aZ39$bOCLC
=TCO  \\$aZZZ$c008
=TCO  \\$aJPN$bJAACC$c008
=TOC  \\$aETOC
=UNO  \\$aY
=ACF  \\$aPrevious copyright fee: GBP21.25$c23\3$e01-jan-2009$fGBP21.25$g0$hP$5Uk
=ACF  \\$aPrevious copyright fee: GBP16.75$c23\3$e01-jan-2007$fGBP16.75$g0$hP$5Uk
=ACF  \\$aPrevious copyright fee: GBP16.22$c23\3$e01-oct-2006$fGBP16.22$g0$hP$5Uk
=ACF  \\$aPrevious copyright fee: GBP17.14$c23\3$e01-apr-2006$fGBP17.14$g0$hP$5Uk
=ACF  \\$aPrevious copyright fee: GBP16.67$c23\3$e01-jan-2006$fGBP16.67$g0$hP$5Uk
=ACF  \\$aPrevious copyright fee: GBP16.22$c23\3$e01-apr-2005$fGBP16.22$g0$hP$5Uk
=ACF  \\$aPrevious copyright fee: GBP16.67$c23\3$e01-jan-2005$fGBP16.67$g0$hP$5Uk
=ACF  \\$aPrevious copyright fee: GBP22.00$c23\3$e01-apr-2009$fGBP22.00$g0$hP$5Uk
=ACF  \\$aPrevious copyright fee: GBP22.00$c23\3$e12-aug-2012$fGBP22.00$g0$hP$5Uk
=ACF  \\$aPrevious copyright fee: GBP25.00$c23\3$e01-jan-2013$fGBP25.00$g0$hP$5Uk
=ACF  \\$aPrevious copyright fee: GBP25.77$c23\3$e01-jul-2013$fGBP25.77$g0$hP$5Uk
=ACF  \\$aPrevious copyright fee: GBP24.97$c23\3$e01-jan-2014$fGBP24.97$g0$hP$5Uk
=ACF  \\$aPrevious copyright fee: GBP24.21$c23\3$e01-jul-2014$fGBP24.21$g0$hP$5Uk
=ACF  \\$aPrevious copyright fee: GBP25.77$c23\3$e01-apr-2015$fGBP25.77$g0$hP$5Uk
=ACF  \\$aPrevious copyright fee: GBP26.63$c23\3$e01-jul-2015$fGBP26.63$g0$hP$5Uk
=ACF  \\$aPrevious copyright fee: GBP25.77$c23\3$e01-oct-2015$fGBP25.77$g0$hP$5Uk
=ACF  \\$aPrevious copyright fee: GBP27.55$c23\3$e01-apr-2016$fGBP27.55$g0$hP$5Uk
=ACF  \\$aPrevious copyright fee: GBP29.59$c23\3$e01-oct-2016$fGBP29.59$g0$hP$5Uk
=ACF  \\$aPrevious copyright fee: GBP31.96$c23\3$e01-apr-2017$fGBP31.96$g0$hP$5Uk
=ACF  \\$aPrevious copyright fee: GBP30.73$c23\3$e01-oct-2017$fGBP30.73$g0$hP$5Uk
=ACF  \\$aPrevious copyright fee: GBP28.54$c23\3$e01-apr-2018$fGBP28.54$g0$hP$5Uk
=ACF  \\$aPrevious copyright fee: GBP34.00$c22\1$e01-jul-2018$fGBP34.00$g0$hP$5Uk
=LAS  \\$a5410$b40$c20230422$lBLL01$h1134

