=LDR  05896cas a2201273 a 4500
=001  013089739
=003  Uk
=005  20221231144556.0
=006  m\\\\\\\\d\\\\\\\\
=007  cr\mnu||||||||
=008  000302c19669999au\\x\pss\\\\\0\\\a0eng\c
=FMT  \\$a  SE
=010  \\$a2004233435
=022  \\$a1436-5073$y0026-3672
=035  \\$a(OCoLC)43558729
=040  \\$aMUS$cMUS$dMYG$dOCLCQ$dGUA$dOCLCQ$dOCL$dMXC$dOCL$dAGL$dOCLCQ$dUk
=042  \\$aukblsr
=050  14$aQD71
=070  0\$a384$bM58
=072  \0$aX500
=082  04$a543.22$223
=130  0\$aMikrochimica acta (Vienna, Austria : 1966 : Online)
=222  \0$aMikrochimica acta$b(1966. Internet)
=245  10$aMikrochimica acta$h[electronic resource].
=246  13$aMicrochimica acta
=260  \\$aWien :$bSpringer
=310  \\$aIrregular
=336  \\$atext$2rdacontent
=337  \\$acomputer$2rdamedia
=338  \\$aonline resource$2rdacarrier
=362  1\$aPrint began in 1966.
=580  \\$aIncludes issues of earlier title: Mikrochimica et ichnoanalytica acta.
=588  \\$aDescription based on: Vol. 131, no. 1/2 (June 1999); title from pdf image of running title (Springer LINK, viewed Mar. 30, 2004).
=588  \\$aLatest issue consulted: Vol. 174, nos. 3/4 (Sept. 2011) (SpringerLink, viewed Sept. 23, 2011).
=515  \\$aMany issues combined.
=540  \\$aCurrent copyright fee: GBP29.95$c22\1$5Uk
=650  \0$aChemistry, Analytic$vPeriodicals.
=650  \0$aMicrochemistry$vPeriodicals.
=650  \0$aNanochemistry$vPeriodicals.
=776  08$iPrint version:$tMikrochimica acta (Vienna, Austria : 1966)$x0026-3672
=780  10$tMikrochimica et ichnoanalytica acta (Online)
=856  \\$31850-9999$uhttp://www.springer.com/gb/$xBLDSS
=856  40$uhttp://firstsearch.oclc.org$zAddress for accessing the journal using authorization number and password through OCLC FirstSearch Electronic Collections Online
=856  40$uhttp://www.springerlink.com/link.asp?id=103392
=859  \\$aXLD$bejournal
=852  41$aBritish Library$bDSC$j5758.452000$3Volume 142:Issue 1/2(2003)-Volume 185:Issue 4(2018)***See ESTAR for full holdings.
=945  \\$aMicrochimica acta
=959  \\$fHeld but not currently received
=979  \\$aBritish Library$bDSC$j5758.452000
=985  \\$aCONFERENCE ANALYTIC RECORDS EXIST
=CAT  \\$a6524$b40$c20050123$lBLL01$h1437
=CAT  \\$aIPL-CLA$c20150331$lBLL01$h1638
=CAT  \\$aBATCH-UPD$b00$c20150520$lBLL01$h1809
=CAT  \\$aIPL-CLA$c20150630$lBLL01$h1646
=CAT  \\$aBATCH-UPD$b00$c20150820$lBLL01$h1854
=CAT  \\$aIPL-CLA$c20150930$lBLL01$h1806
=CAT  \\$aBATCH-UPD$b00$c20160217$lBLL01$h1746
=CAT  \\$aIPL-CLA$c20160331$lBLL01$h1726
=CAT  \\$aBATCH-UPD$b00$c20160524$lBLL01$h2210
=CAT  \\$aBATCH-UPD$b00$c20160525$lBLL01$h0019
=CAT  \\$aBATCH-UPD$b00$c20160824$lBLL01$h1814
=CAT  \\$aIPL-CLA$c20160930$lBLL01$h1603
=CAT  \\$aBATCH-UPD$b00$c20170216$lBLL01$h1902
=CAT  \\$aIPL-CLA$c20170331$lBLL01$h1844
=CAT  \\$aBATCH-UPD$b00$c20170904$lBLL01$h1914
=CAT  \\$aIPL-CLA$c20170929$lBLL01$h1728
=CAT  \\$aBATCH-UPD$b00$c20180223$lBLL01$h1746
=CAT  \\$aIPL-CLA$c20180331$lBLL01$h1620
=CAT  \\$aW1805-0475$c20180520$lBLL01$h1631
=CAT  \\$aBATCH-UPD$b00$c20180524$lBLL01$h1731
=CAT  \\$aIPL-CLA$c20180630$lBLL01$h1916
=CAT  \\$aW1908-0780$b00$c20200730$lBLL01$h1327
=CAT  \\$aCDS21$c20220118$lBLL01$h1105
=CAT  \\$aBATCH-UPD$b00$c20221121$lBLL01$h1400
=CAT  \\$a5410$b40$c20221207$lBLL01$h1224
=CAT  \\$aIPL-CLA$c20221231$lBLL01$h1445
=CFI  0\$aCurrent copyright fee: GBP29.95$c22\1$e01-jan-2023$fGBP29.95$g0$hP$5Uk
=CFI  2\$aPrevious copyright fee: GBP34.00$c22\1$e01-jul-2018$fGBP34.00$g0$hP$5Uk
=EST  \\$a1
=FFP  \\$aY$bBLDSS-3PM
=FIN  \\$aY$d20110923
=MNI  \\$a0026-3672
=SID  \\$aZ39$bOCLC
=TCO  \\$aZZZ$c008
=TCO  \\$aXXX$c008
=TOC  \\$aETOC
=UNO  \\$aY
=ACF  \\$aPrevious copyright fee: GBP21.25$c23\6$e01-jan-2009$fGBP21.25$g0$hP$5Uk
=ACF  \\$aPrevious copyright fee: GBP16.75$c23\6$e01-jan-2007$fGBP16.75$g0$hP$5Uk
=ACF  \\$aPrevious copyright fee: GBP16.22$c23\6$e01-oct-2006$fGBP16.22$g0$hP$5Uk
=ACF  \\$aPrevious copyright fee: GBP17.14$c23\6$e01-apr-2006$fGBP17.14$g0$hP$5Uk
=ACF  \\$aPrevious copyright fee: GBP16.67$c23\6$e01-jan-2006$fGBP16.67$g0$hP$5Uk
=ACF  \\$aPrevious copyright fee: GBP16.22$c23\6$e01-apr-2005$fGBP16.22$g0$hP$5Uk
=ACF  \\$aPrevious copyright fee: GBP16.67$c23\6$e01-jan-2005$fGBP16.67$g0$hP$5Uk
=ACF  \\$aPrevious copyright fee: GBP22.00$c23\6$e01-apr-2009$fGBP22.00$g0$hP$5Uk
=ACF  \\$aPrevious copyright fee: GBP22.00$c23\6$e12-aug-2012$fGBP22.00$g0$hP$5Uk
=ACF  \\$aPrevious copyright fee: GBP25.00$c23\6$e01-jan-2013$fGBP25.00$g0$hP$5Uk
=ACF  \\$aPrevious copyright fee: GBP25.77$c23\6$e01-jul-2013$fGBP25.77$g0$hP$5Uk
=ACF  \\$aPrevious copyright fee: GBP24.97$c23\6$e01-jan-2014$fGBP24.97$g0$hP$5Uk
=ACF  \\$aPrevious copyright fee: GBP24.21$c23\6$e01-jul-2014$fGBP24.21$g0$hP$5Uk
=ACF  \\$aPrevious copyright fee: GBP25.77$c23\6$e01-apr-2015$fGBP25.77$g0$hP$5Uk
=ACF  \\$aPrevious copyright fee: GBP26.63$c23\6$e01-jul-2015$fGBP26.63$g0$hP$5Uk
=ACF  \\$aPrevious copyright fee: GBP25.77$c23\6$e01-oct-2015$fGBP25.77$g0$hP$5Uk
=ACF  \\$aPrevious copyright fee: GBP27.55$c23\6$e01-apr-2016$fGBP27.55$g0$hP$5Uk
=ACF  \\$aPrevious copyright fee: GBP29.59$c23\6$e01-oct-2016$fGBP29.59$g0$hP$5Uk
=ACF  \\$aPrevious copyright fee: GBP31.96$c23\6$e01-apr-2017$fGBP31.96$g0$hP$5Uk
=ACF  \\$aPrevious copyright fee: GBP30.73$c23\6$e01-oct-2017$fGBP30.73$g0$hP$5Uk
=ACF  \\$aPrevious copyright fee: GBP28.54$c23\6$e01-apr-2018$fGBP28.54$g0$hP$5Uk
=LAS  \\$aIPL-CLA$b00$c20221231$lBLL01$h1445

