=LDR  05745cas a2201249 a 4500
=001  013089755
=003  Uk
=005  20221231144557.0
=006  m\\\\\\\\d\\\\\\\\
=007  cr\mnu||||||||
=008  980505c19719999gw\\x\pss\\\\\0\\\a0eng\d
=FMT  \\$a  SE
=010  \\$a2004233608
=022  \\$a1436-4646$y0025-5610
=035  \\$a(OCoLC)39061423
=040  \\$aOH1$cOH1$dOCL$dOCLCQ$dGUA$dOCLCQ$dOCL$dUk
=042  \\$aukblsr
=050  14$aQA264
=082  04$a519.7005$223
=130  0\$aMathematical programming (Online)
=210  10$aMath. program.
=222  \0$aMathematical programming$b(Online)
=245  10$aMathematical programming$h[electronic resource].
=260  \\$aAmsterdam :$bNorth-Holland
=260  3\$aHeidelberg :$bSpringer
=310  \\$aFrequency varies,$b<1999>-
=321  \\$aMonthly
=336  \\$atext$2rdacontent
=337  \\$acomputer$2rdamedia
=338  \\$aonline resource$2rdacarrier
=362  1\$aPrint began with v. 1 (Oct. 1971).
=550  \\$aIssued by: Mathematical Programming Society, 1971-
=550  \\$aOfficial journal of the Mathematical Optimization Society, <Sept. 2010>-
=500  \\$aDescription based on: Vol. 84, no. 1 (Jan. 1999); title from contents screen (Springer LINK, viewed Apr. 9, 2004).
=500  \\$aLatest issue consulted: Vol. 100, no. 1 (May 2004), viewed Apr. 9, 2004.
=515  \\$aSome issues combined.
=540  \\$aCurrent copyright fee: GBP29.95$c22\1$5Uk
=650  \0$aProgramming (Mathematics)$vPeriodicals.
=650  \0$aMathematical optimization$vPeriodicals.
=710  2\$aMathematical Programming Society (U.S.)
=710  2\$aMathematical Optimization Society.
=776  08$iPrint version:$tMathematical programming$x0025-5610
=856  \\$31850-9999$uhttp://www.springer.com/gb/$xBLDSS
=856  40$uhttp://firstsearch.oclc.org$zAddress for accessing the journal using authorization number and password through OCLC FirstSearch Electronic Collections Online
=856  40$uhttp://www.springerlink.com/content/103081
=856  40$uhttp://www.springerlink.com/link.asp?id=103081
=859  \\$aXLD$bejournal
=852  41$aBritish Library$bDSC$j5402.577000$3Volume 80:Issue 1(1998)-Volume 168:Issue 1/2(2018)***See ESTAR for full holdings.
=945  \\$aMATHEMATICAL PROGRAMMING
=959  \\$fHeld but not currently received
=979  \\$aBritish Library$bDSC$j5402.577000
=CAT  \\$a10902$b40$c20050123$lBLL01$h1537
=CAT  \\$aIPL-CLA$c20150331$lBLL01$h1638
=CAT  \\$aBATCH-UPD$b00$c20150520$lBLL01$h1750
=CAT  \\$aIPL-CLA$c20150630$lBLL01$h1646
=CAT  \\$aBATCH-UPD$b00$c20150820$lBLL01$h1837
=CAT  \\$aIPL-CLA$c20150930$lBLL01$h1806
=CAT  \\$aBATCH-UPD$b00$c20160217$lBLL01$h1727
=CAT  \\$aIPL-CLA$c20160331$lBLL01$h1726
=CAT  \\$aBATCH-UPD$b00$c20160524$lBLL01$h2210
=CAT  \\$aBATCH-UPD$b00$c20160525$lBLL01$h0019
=CAT  \\$aBATCH-UPD$b00$c20160824$lBLL01$h1755
=CAT  \\$aIPL-CLA$c20160930$lBLL01$h1603
=CAT  \\$aBATCH-UPD$b00$c20170216$lBLL01$h1843
=CAT  \\$aIPL-CLA$c20170331$lBLL01$h1844
=CAT  \\$aBATCH-UPD$b00$c20170904$lBLL01$h1851
=CAT  \\$aIPL-CLA$c20170929$lBLL01$h1728
=CAT  \\$aBATCH-UPD$b00$c20180223$lBLL01$h1720
=CAT  \\$aIPL-CLA$c20180331$lBLL01$h1620
=CAT  \\$aW1805-0475$c20180520$lBLL01$h1631
=CAT  \\$aBATCH-UPD$b00$c20180524$lBLL01$h1714
=CAT  \\$aIPL-CLA$c20180630$lBLL01$h1916
=CAT  \\$aW1908-0780$b00$c20200730$lBLL01$h1328
=CAT  \\$aCDS21$c20220118$lBLL01$h1105
=CAT  \\$aBATCH-UPD$b00$c20221121$lBLL01$h1400
=CAT  \\$a5410$b40$c20221208$lBLL01$h1258
=CAT  \\$aIPL-CLA$c20221231$lBLL01$h1445
=CFI  0\$aCurrent copyright fee: GBP29.95$c22\1$e01-jan-2023$fGBP29.95$g0$hP$5Uk
=CFI  2\$aPrevious copyright fee: GBP34.00$c22\1$e01-jul-2018$fGBP34.00$g0$hP$5Uk
=EST  \\$a1
=FFP  \\$aY$bBLDSS-3PM
=FIN  \\$aY$d20111012
=LKR  \\$aPAR$b011753521$lBLL01$r776$mMathematical programming series A.$nMATHEMATICAL PROGRAMMING.
=MNI  \\$a0025-5610
=SID  \\$aZ39$bOCLC
=TCO  \\$aZZZ$c008
=TCO  \\$aNLD$bSTICHTING REPRORECHT$c008
=TOC  \\$aETOC
=UNO  \\$aY
=ACF  \\$aPrevious copyright fee: GBP16.67$c22\3$e01-jan-2006$fGBP16.67$g0$hP$5Uk
=ACF  \\$aPrevious copyright fee: GBP16.22$c22\3$e01-apr-2005$fGBP16.22$g0$hP$5Uk
=ACF  \\$aPrevious copyright fee: GBP16.67$c22\3$e01-jan-2005$fGBP16.67$g0$hP$5Uk
=ACF  \\$aPrevious copyright fee: GBP17.14$c22\3$e01-apr-2006$fGBP17.14$g0$hP$5Uk
=ACF  \\$aPrevious copyright fee: GBP22.00$c22\3$e12-aug-2012$fGBP22.00$g0$hP$5Uk
=ACF  \\$aPrevious copyright fee: GBP25.00$c22\3$e01-jan-2013$fGBP25.00$g0$hP$5Uk
=ACF  \\$aPrevious copyright fee: GBP25.77$c22\3$e01-jul-2013$fGBP25.77$g0$hP$5Uk
=ACF  \\$aPrevious copyright fee: GBP24.97$c22\3$e01-jan-2014$fGBP24.97$g0$hP$5Uk
=ACF  \\$aPrevious copyright fee: GBP24.21$c22\3$e01-jul-2014$fGBP24.21$g0$hP$5Uk
=ACF  \\$aPrevious copyright fee: GBP25.77$c22\3$e01-apr-2015$fGBP25.77$g0$hP$5Uk
=ACF  \\$aPrevious copyright fee: GBP26.63$c22\3$e01-jul-2015$fGBP26.63$g0$hP$5Uk
=ACF  \\$aPrevious copyright fee: GBP25.77$c22\3$e01-oct-2015$fGBP25.77$g0$hP$5Uk
=ACF  \\$aPrevious copyright fee: GBP27.55$c22\3$e01-apr-2016$fGBP27.55$g0$hP$5Uk
=ACF  \\$aPrevious copyright fee: GBP29.59$c22\3$e01-oct-2016$fGBP29.59$g0$hP$5Uk
=ACF  \\$aPrevious copyright fee: GBP31.96$c22\3$e01-apr-2017$fGBP31.96$g0$hP$5Uk
=ACF  \\$aPrevious copyright fee: GBP30.73$c22\3$e01-oct-2017$fGBP30.73$g0$hP$5Uk
=ACF  \\$aPrevious copyright fee: GBP28.54$c22\3$e01-apr-2018$fGBP28.54$g0$hP$5Uk
=LAS  \\$aIPL-CLA$b00$c20221231$lBLL01$h1445

