=LDR  05945cas a2201297 a 4500
=001  013091373
=003  Uk
=005  20221231144558.0
=006  m\\\\\\\\d\\\\\\\\
=007  cr\cnu||||||||
=008  991206c19949999gw\br\pss\\\\\0\\\a0eng\c
=FMT  \\$a  SE
=010  \\$a2008233889
=022  0\$a1438-1435$y1070-3004
=035  \\$a(OCoLC)42938179$z(OCoLC)45135245$z(OCoLC)60638262
=040  \\$aGAT$cGAT$dOCLCQ$dCGU$dTWT$dOCLCS$dOCL$dGUA$dVRC$dOCLCQ$dUk
=042  \\$apcc$aukblsr
=050  14$aRC86
=060  \4$aW1$bEM664L
=082  04$a615.84$223
=130  0\$aEmergency radiology (Online)
=210  0\$aEmerg. radiol.$b(Internet)
=222  \0$aEmergency radiology$b(Internet)
=245  10$aEmergency radiology$h[electronic resource] :$ba journal of practical imaging.
=260  \\$aBaltimore, MD :$bWilliams & Wilkins,$cc1994-
=260  3\$31999-$aBerlin :$bSpringer
=310  \\$aBimonthly
=336  \\$atext$2rdacontent
=337  \\$acomputer$2rdamedia
=338  \\$aonline resource$2rdacarrier
=362  1\$aPrint began with vol. 1, no. 1 (Jan. 1994).
=530  \\$aAlso issued in print.
=538  \\$aMode of access: World Wide Web.
=550  \\$aOfficial journal of the American Society of Emergency Radiology.
=588  \\$aDescription based on: Vol. 4, no. 1 (Jan. 1997); title from contents screen (SpringerLink, viewed May 29, 2008).
=588  \\$aLatest issue consulted: vol. 18, no. 4 (Aug. 2011), viewed 9th Aug. 2011.
=540  \\$aCurrent copyright fee: GBP34.95$c22\1$5Uk
=650  \0$aEmergency medicine$vPeriodicals.
=650  \0$aRadiography$vPeriodicals.
=650  \0$aRadiology$vPeriodicals.
=650  \2$aEmergency Medicine$vPeriodicals.
=650  \2$aRadiography$vPeriodicals.
=710  2\$aAmerican Society of Emergency Radiology.
=776  1\$tEmergency radiology$x1070-3004
=856  \\$31850-9999$uhttp://www.springer.com/gb/$xBLDSS
=856  40$uhttp://link.springer.de/link/service/journals/10140/index.htm
=856  40$uhttp://www.metapress.com/link.asp?id=103078
=856  40$uhttp://www.springerlink.com/content/1070-3004
=856  40$uhttp://link.springer-ny.com/link/service/journals/10140/index.htm$zAvailable online, 1999-:
=859  \\$aXLD$bejournal
=852  41$aBritish Library$bDSC$j3733.197500$3Volume 9:Issue 1(2002)-Volume 25:Issue 2(2018)***See ESTAR for full holdings.
=945  \\$aEMERGENCY RADIOLOGY
=959  \\$fHeld but not currently received
=979  \\$aBritish Library$bDSC$j3733.197500
=985  \\$aCONFERENCE ANALYTIC RECORDS EXIST
=CAT  \\$a5552$b40$c20050125$lBLL01$h1305
=CAT  \\$aIPL-CLA$c20150630$lBLL01$h1646
=CAT  \\$aBATCH-UPD$b00$c20150820$lBLL01$h1837
=CAT  \\$aIPL-CLA$c20150930$lBLL01$h1806
=CAT  \\$aBATCH-UPD$b00$c20160217$lBLL01$h1727
=CAT  \\$aIPL-CLA$c20160331$lBLL01$h1727
=CAT  \\$aBATCH-UPD$b00$c20160524$lBLL01$h2210
=CAT  \\$aBATCH-UPD$b00$c20160525$lBLL01$h0019
=CAT  \\$aBATCH-UPD$b00$c20160824$lBLL01$h1755
=CAT  \\$aIPL-CLA$c20160930$lBLL01$h1603
=CAT  \\$aBATCH-UPD$b00$c20170216$lBLL01$h1843
=CAT  \\$aIPL-CLA$c20170331$lBLL01$h1844
=CAT  \\$aBATCH-UPD$b00$c20170904$lBLL01$h1851
=CAT  \\$aIPL-CLA$c20170929$lBLL01$h1728
=CAT  \\$aBATCH-UPD$b00$c20180223$lBLL01$h1720
=CAT  \\$aIPL-CLA$c20180331$lBLL01$h1620
=CAT  \\$aW1805-0475$c20180520$lBLL01$h1631
=CAT  \\$aBATCH-UPD$b00$c20180524$lBLL01$h1714
=CAT  \\$aIPL-CLA$c20180630$lBLL01$h1916
=CAT  \\$aW1908-0780$b00$c20200730$lBLL01$h1328
=CAT  \\$a5552$b40$c20210811$lBLL01$h1045
=CAT  \\$aIPL-CLA$c20210930$lBLL01$h1528
=CAT  \\$aCDS21$c20220118$lBLL01$h1105
=CAT  \\$aBATCH-UPD$b00$c20221121$lBLL01$h1411
=CAT  \\$a5410$b40$c20221127$lBLL01$h1118
=CAT  \\$aIPL-CLA$c20221231$lBLL01$h1445
=CFI  0\$aCurrent copyright fee: GBP34.95$c22\1$e01-jan-2023$fGBP34.95$g0$hP$5Uk
=CFI  2\$aPrevious copyright fee: GBP43.00$c22\1$e01-oct-2021$fGBP43.00$g0$hP$5Uk
=EST  \\$a1
=FFP  \\$aY$bBLDSS-3PM
=FIN  \\$aY$d20110809
=LKR  \\$aPAR$b007850534$lBLL01$r776$mEmergency radiology (Internet)$nEmergency radiology
=MNI  \\$a1070-3004
=SID  \\$aZ39$bOCLC
=TCO  \\$aDEU$bVG WORT$c008
=TOC  \\$aETOC
=UNO  \\$aY
=ACF  \\$aPrevious copyright fee: GBP16.67$c22\3$e01-jan-2006$fGBP16.67$g0$hP$5Uk
=ACF  \\$aPrevious copyright fee: GBP16.22$c22\3$e01-apr-2005$fGBP16.22$g0$hP$5Uk
=ACF  \\$aPrevious copyright fee: GBP16.67$c22\3$e01-jan-2005$fGBP16.67$g0$hP$5Uk
=ACF  \\$aPrevious copyright fee: GBP17.14$c22\3$e01-apr-2006$fGBP17.14$g0$hP$5Uk
=ACF  \\$aPrevious copyright fee: GBP22.00$c22\3$e12-aug-2012$fGBP22.00$g0$hP$5Uk
=ACF  \\$aPrevious copyright fee: GBP25.00$c22\3$e01-jan-2013$fGBP25.00$g0$hP$5Uk
=ACF  \\$aPrevious copyright fee: GBP25.77$c22\3$e01-jul-2013$fGBP25.77$g0$hP$5Uk
=ACF  \\$aPrevious copyright fee: GBP24.97$c22\3$e01-jan-2014$fGBP24.97$g0$hP$5Uk
=ACF  \\$aPrevious copyright fee: GBP24.21$c22\3$e01-jul-2014$fGBP24.21$g0$hP$5Uk
=ACF  \\$aPrevious copyright fee: GBP25.77$c22\3$e01-apr-2015$fGBP25.77$g0$hP$5Uk
=ACF  \\$aPrevious copyright fee: GBP26.63$c22\3$e01-jul-2015$fGBP26.63$g0$hP$5Uk
=ACF  \\$aPrevious copyright fee: GBP25.77$c22\3$e01-oct-2015$fGBP25.77$g0$hP$5Uk
=ACF  \\$aPrevious copyright fee: GBP27.55$c22\3$e01-apr-2016$fGBP27.55$g0$hP$5Uk
=ACF  \\$aPrevious copyright fee: GBP29.59$c22\3$e01-oct-2016$fGBP29.59$g0$hP$5Uk
=ACF  \\$aPrevious copyright fee: GBP31.96$c22\3$e01-apr-2017$fGBP31.96$g0$hP$5Uk
=ACF  \\$aPrevious copyright fee: GBP30.73$c22\3$e01-oct-2017$fGBP30.73$g0$hP$5Uk
=ACF  \\$aPrevious copyright fee: GBP28.54$c22\3$e01-apr-2018$fGBP28.54$g0$hP$5Uk
=ACF  \\$aPrevious copyright fee: GBP34.00$c22\1$e01-jul-2018$fGBP34.00$g0$hP$5Uk
=LAS  \\$aIPL-CLA$b00$c20221231$lBLL01$h1445

