=LDR  05768cas a2201249 a 4500
=001  013095714
=003  Uk
=005  20221231144600.0
=006  m\\\\\\\\d\\\\\\\\
=007  cr\mn|||||||||
=008  050615c19929999gw\mr\pss\\\\\0\\\a0ger\d
=FMT  \\$a  SE
=022  \\$a1433-0423$y0941-293X
=035  \\$a(OCoLC)60637802$z(OCoLC)43358964$z(OCoLC)45478735$z(OCoLC)45587612$z(OCoLC)174075114
=040  \\$aOCLCS$beng$cOCLCS$dOCL$dTEU$dGUA$dAAA$dCGU$dFQM$dOCLCQ$dVPI$dUk
=041  0\$ager$beng$feng
=042  \\$aukblsr
=050  \4$aRE1$b.D48
=060  \4$aW1$bOP334P
=082  04$a617.7005$223
=130  0\$aOphthalmologe (Online)
=222  \4$aDer Ophthalmologe$b(Berlin. Internet)
=245  14$aDer Ophthalmologe$h[electronic resource] :$bZeitschrift der Deutschen Ophthalmologischen Gesellschaft.
=260  \\$aBerlin ;$aNew York :$bSpringer
=310  \\$aMonthly,$b1997-
=321  \\$aSix issues a year,$b1992-1996
=336  \\$atext$2rdacontent
=337  \\$acomputer$2rdamedia
=338  \\$aonline resource$2rdacarrier
=362  1\$aPrint began with 1992/1.
=515  \\$aCalled also: Bd. 89, Heft 1-
=530  \\$aAlso issued in print.
=546  \\$aArticles in German; with summaries and table of contents in English and German.
=588  \\$aDescription based on print version record.
=588  \\$aLatest issue consulted: Vol. 108, no. 12 (Dec. 2011) (SpringerLink, viewed Dec. 14, 2011).
=540  \\$aCurrent copyright fee: GBP34.95$c22\1$5Uk
=650  \0$aOphthalmology$vPeriodicals.
=650  \0$aEye$xDiseases$vPeriodicals.
=710  2\$aDeutsche Ophthalmologische Gesellschaft.
=776  08$iPrint version:$tOphthalmologe$x0941-293X
=780  01$tFortschritte der Ophthalmologie
=856  \\$31850-9999$uhttp://www.springer.com/gb/$xBLDSS
=856  40$uhttp://firstsearch.oclc.org$zAddress for accessing the journal using authorization number and password through OCLC FirstSearch Electronic Collections Online
=856  40$uhttp://link.springer-ny.com/
=856  40$uhttp://link.springer.de/link/service/journals/00347/index.htm
=856  40$uhttp://www.springerlink.com/content/0941-293x
=859  \\$aXLD$bejournal
=852  41$aBritish Library$bDSC$j6271.585000$3Volume 94:Issue 10(1997)-Volume 115:Issue 3(2018)***See ESTAR for full holdings.
=945  \\$aOphthalmologe -Berlin-
=959  \\$fHeld but not currently received
=979  \\$aBritish Library$bDSC$j6271.585000
=CAT  \\$a8335$b40$c20050128$lBLL01$h0846
=CAT  \\$aIPL-CLA$c20150630$lBLL01$h1646
=CAT  \\$aBATCH-UPD$b00$c20150820$lBLL01$h1837
=CAT  \\$aIPL-CLA$c20150930$lBLL01$h1806
=CAT  \\$aBATCH-UPD$b00$c20160217$lBLL01$h1727
=CAT  \\$aIPL-CLA$c20160331$lBLL01$h1727
=CAT  \\$aBATCH-UPD$b00$c20160523$lBLL01$h1121
=CAT  \\$aBATCH-UPD$b00$c20160524$lBLL01$h2210
=CAT  \\$aBATCH-UPD$b00$c20160824$lBLL01$h1755
=CAT  \\$aIPL-CLA$c20160930$lBLL01$h1603
=CAT  \\$aBATCH-UPD$b00$c20170216$lBLL01$h1843
=CAT  \\$aIPL-CLA$c20170331$lBLL01$h1844
=CAT  \\$aBATCH-UPD$b00$c20170904$lBLL01$h1851
=CAT  \\$aIPL-CLA$c20170929$lBLL01$h1728
=CAT  \\$aBATCH-UPD$b00$c20180223$lBLL01$h1720
=CAT  \\$aIPL-CLA$c20180331$lBLL01$h1620
=CAT  \\$aW1805-0475$c20180520$lBLL01$h1631
=CAT  \\$aBATCH-UPD$b00$c20180524$lBLL01$h1714
=CAT  \\$aIPL-CLA$c20180630$lBLL01$h1916
=CAT  \\$aW1908-0780$b00$c20200730$lBLL01$h1328
=CAT  \\$a5552$b40$c20210824$lBLL01$h1044
=CAT  \\$aIPL-CLA$c20210930$lBLL01$h1528
=CAT  \\$aCDS21$c20220118$lBLL01$h1105
=CAT  \\$aBATCH-UPD$b00$c20221121$lBLL01$h1411
=CAT  \\$a5410$b40$c20221202$lBLL01$h1946
=CAT  \\$aIPL-CLA$c20221231$lBLL01$h1446
=CFI  0\$aCurrent copyright fee: GBP34.95$c22\1$e01-jan-2023$fGBP34.95$g0$hP$5Uk
=CFI  2\$aPrevious copyright fee: GBP43.00$c22\1$e01-oct-2021$fGBP43.00$g0$hP$5Uk
=EST  \\$a1
=FFP  \\$aY$bBLDSS-3PM
=FIN  \\$aY$d20111214
=MNI  \\$a0941-293X
=SID  \\$aZ39$bOCLC
=TCO  \\$aZZZ$c008
=TCO  \\$aDEU$bVG WORT$c008
=TOC  \\$aETOC
=UNO  \\$aY
=ACF  \\$aPrevious copyright fee: GBP16.67$c22\3$e01-jan-2006$fGBP16.67$g0$hP$5Uk
=ACF  \\$aPrevious copyright fee: GBP16.22$c22\3$e01-apr-2005$fGBP16.22$g0$hP$5Uk
=ACF  \\$aPrevious copyright fee: GBP16.67$c22\3$e01-jan-2005$fGBP16.67$g0$hP$5Uk
=ACF  \\$aPrevious copyright fee: GBP17.14$c22\3$e01-apr-2006$fGBP17.14$g0$hP$5Uk
=ACF  \\$aPrevious copyright fee: GBP22.00$c22\3$e12-aug-2012$fGBP22.00$g0$hP$5Uk
=ACF  \\$aPrevious copyright fee: GBP25.00$c22\3$e01-jan-2013$fGBP25.00$g0$hP$5Uk
=ACF  \\$aPrevious copyright fee: GBP25.77$c22\3$e01-jul-2013$fGBP25.77$g0$hP$5Uk
=ACF  \\$aPrevious copyright fee: GBP24.97$c22\3$e01-jan-2014$fGBP24.97$g0$hP$5Uk
=ACF  \\$aPrevious copyright fee: GBP24.21$c22\3$e01-jul-2014$fGBP24.21$g0$hP$5Uk
=ACF  \\$aPrevious copyright fee: GBP25.77$c22\3$e01-apr-2015$fGBP25.77$g0$hP$5Uk
=ACF  \\$aPrevious copyright fee: GBP26.63$c22\3$e01-jul-2015$fGBP26.63$g0$hP$5Uk
=ACF  \\$aPrevious copyright fee: GBP25.77$c22\3$e01-oct-2015$fGBP25.77$g0$hP$5Uk
=ACF  \\$aPrevious copyright fee: GBP27.55$c22\3$e01-apr-2016$fGBP27.55$g0$hP$5Uk
=ACF  \\$aPrevious copyright fee: GBP29.59$c22\3$e01-oct-2016$fGBP29.59$g0$hP$5Uk
=ACF  \\$aPrevious copyright fee: GBP31.96$c22\3$e01-apr-2017$fGBP31.96$g0$hP$5Uk
=ACF  \\$aPrevious copyright fee: GBP30.73$c22\3$e01-oct-2017$fGBP30.73$g0$hP$5Uk
=ACF  \\$aPrevious copyright fee: GBP28.54$c22\3$e01-apr-2018$fGBP28.54$g0$hP$5Uk
=ACF  \\$aPrevious copyright fee: GBP34.00$c22\1$e01-jul-2018$fGBP34.00$g0$hP$5Uk
=LAS  \\$aIPL-CLA$b00$c20221231$lBLL01$h1446

