=LDR  06039cas a2201285 a 4500
=001  013095878
=003  Uk
=005  20221231144601.0
=006  m\\\\\\\\d\\\\\\\\
=007  cr\mnu||||||||
=008  011024d19782006gw\qx\pss\\\\\0\\\a0eng\c
=FMT  \\$a  SE
=010  \\$a  2004233405
=022  \\$a1432-2196$y0344-4325
=035  \\$a(OCoLC)48204593
=040  \\$aOAkU$cOAkU$dOCoLC$dGU$dHkU$dFCM-M$dOCoLC$dCaQMU$dOCoLC$dWaSeSS$dTxCM$dGGaB$dDNAL$dDLC$dWaSeSS$dOCoLC$dUk
=042  \\$aukblsr
=050  14$aRC582.15$b.S675
=070  0\$aRC581$b.S67
=072  \0$aX300
=072  \0$aX380
=082  04$a616.07905$223
=130  0\$aSpringer seminars in immunopathology (Online)
=210  0\$aSpringer semin. immunopathol.$b(Internet)
=222  \0$aSpringer seminars in immunopathology$b(Internet)
=245  10$aSpringer seminars in immunopathology$h[electronic resource].
=246  30$aSeminars in immunopathology
=260  \\$aBerlin :$bSpringer
=310  \\$aFive issues yearly,$b2005-2006
=321  \\$aFour issues yearly,$b2003-2004
=321  \\$aFrequency varies,$b<1998>-2002
=336  \\$atext$2rdacontent
=337  \\$acomputer$2rdamedia
=338  \\$aonline resource$2rdacarrier
=362  1\$aPrint began with vol. 1, no. 1 (1978); ceased with vol. 28, no. 4 (Dec. 2006).
=500  \\$aDescription based on first issue; title from issue table of contents (SpringerLink, viewed Apr. 1, 2008).
=500  \\$aFinal issue consulted (viewed Apr. 1, 2008).
=515  \\$a4 issues per volume; some numbers issued in combined form.
=540  \\$aCurrent copyright fee: GBP34.95$c22\1$5Uk
=650  \0$aImmunopathology$vPeriodicals.
=650  \0$aImmunochemistry$vPeriodicals.
=776  08$iPrint version:$tSpringer seminars in immunopathology$x0344-4325
=785  00$tSeminars in immunopathology$x1863-2300
=856  \\$31850-9999$uhttp://www.springer.com/gb/$xBLDSS
=856  40$uhttp://firstsearch.oclc.org$zAddress for accessing the journal using authorization number and password through OCLC FirstSearch Electronic Collections Online
=856  40$uhttp://www.springerlink.com/content/102512
=856  40$uhttp://www.springerlink.com/link.asp?id=102512
=859  \\$aXLD$bejournal
=852  41$aBritish Library$bDSC$j8424.730000$3Volume 19:Issue 2(1997)-Volume 28:Issue 4(2006)***See ESTAR for full holdings.
=945  \\$aSpringer seminars in immunopathology
=959  \\$fHeld but not currently received
=CAT  \\$a8335$b40$c20050128$lBLL01$h1033
=CAT  \\$aIPL-CLA$c20150331$lBLL01$h1638
=CAT  \\$aBATCH-UPD$b00$c20150520$lBLL01$h1750
=CAT  \\$aIPL-CLA$c20150630$lBLL01$h1646
=CAT  \\$aBATCH-UPD$b00$c20150820$lBLL01$h1837
=CAT  \\$aIPL-CLA$c20150930$lBLL01$h1806
=CAT  \\$aBATCH-UPD$b00$c20160217$lBLL01$h1727
=CAT  \\$aIPL-CLA$c20160331$lBLL01$h1727
=CAT  \\$aBATCH-UPD$b00$c20160524$lBLL01$h2210
=CAT  \\$aBATCH-UPD$b00$c20160525$lBLL01$h0020
=CAT  \\$aBATCH-UPD$b00$c20160824$lBLL01$h1755
=CAT  \\$aIPL-CLA$c20160930$lBLL01$h1603
=CAT  \\$aBATCH-UPD$b00$c20170216$lBLL01$h1843
=CAT  \\$aIPL-CLA$c20170331$lBLL01$h1844
=CAT  \\$aBATCH-UPD$b00$c20170904$lBLL01$h1851
=CAT  \\$aIPL-CLA$c20170929$lBLL01$h1728
=CAT  \\$aBATCH-UPD$b00$c20180223$lBLL01$h1720
=CAT  \\$aIPL-CLA$c20180331$lBLL01$h1620
=CAT  \\$aBATCH-UPD$b00$c20180524$lBLL01$h1714
=CAT  \\$aIPL-CLA$c20180630$lBLL01$h1916
=CAT  \\$aW1908-0780$b00$c20200730$lBLL01$h1328
=CAT  \\$a12654$b40$c20210826$lBLL01$h0714
=CAT  \\$aIPL-CLA$c20210930$lBLL01$h1528
=CAT  \\$aCDS21$c20220118$lBLL01$h1105
=CAT  \\$aBATCH-UPD$b00$c20221121$lBLL01$h1411
=CAT  \\$aIPL-CLA$c20221231$lBLL01$h1446
=CFI  0\$aCurrent copyright fee: GBP34.95$c22\1$e01-jan-2023$fGBP34.95$g0$hP$5Uk
=CFI  2\$aPrevious copyright fee: GBP43.00$c22\1$e01-oct-2021$fGBP43.00$g0$hP$5Uk
=EST  \\$a1
=FFP  \\$aY$bBLDSS-3PM
=FIN  \\$aY$d20111214
=MNI  \\$a0344-4325
=SRC  \\$aBLL02
=TCO  \\$aZZZ$c008
=TCO  \\$aDEU$bVG WORT$c008
=TOC  \\$aETOC
=UNO  \\$aY
=ACF  \\$aPrevious copyright fee: GBP21.25$c22\3$e01-jan-2009$fGBP21.25$g0$hP$5Uk
=ACF  \\$aPrevious copyright fee: GBP16.75$c22\3$e17-jan-2007$fGBP16.75$g0$hP$5Uk
=ACF  \\$aCurrent copyright fee: GBP17.14$c22\3$e01-apr-2006$fGBP17.14$g0$hP$5Uk
=ACF  \\$aPrevious copyright fee: GBP16.67$c22\3$e01-jan-2006$fGBP16.67$g0$hP$5Uk
=ACF  \\$aPrevious copyright fee: GBP16.22$c22\3$e01-apr-2005$fGBP16.22$g0$hP$5Uk
=ACF  \\$aPrevious copyright fee: GBP16.67$c22\3$e01-jan-2005$fGBP16.67$g0$hP$5Uk
=ACF  \\$aPrevious copyright fee: GBP22.00$c22\3$e01-apr-2009$fGBP22.00$g0$hP$5Uk
=ACF  \\$aPrevious copyright fee: GBP22.00$c22\3$e12-aug-2012$fGBP22.00$g0$hP$5Uk
=ACF  \\$aPrevious copyright fee: GBP25.00$c22\3$e01-jan-2013$fGBP25.00$g0$hP$5Uk
=ACF  \\$aPrevious copyright fee: GBP25.77$c22\3$e01-jul-2013$fGBP25.77$g0$hP$5Uk
=ACF  \\$aPrevious copyright fee: GBP24.97$c22\3$e01-jan-2014$fGBP24.97$g0$hP$5Uk
=ACF  \\$aPrevious copyright fee: GBP24.21$c22\3$e01-jul-2014$fGBP24.21$g0$hP$5Uk
=ACF  \\$aPrevious copyright fee: GBP25.77$c22\3$e01-apr-2015$fGBP25.77$g0$hP$5Uk
=ACF  \\$aPrevious copyright fee: GBP26.63$c22\3$e01-jul-2015$fGBP26.63$g0$hP$5Uk
=ACF  \\$aPrevious copyright fee: GBP25.77$c22\3$e01-oct-2015$fGBP25.77$g0$hP$5Uk
=ACF  \\$aPrevious copyright fee: GBP27.55$c22\3$e01-apr-2016$fGBP27.55$g0$hP$5Uk
=ACF  \\$aPrevious copyright fee: GBP29.59$c22\3$e01-oct-2016$fGBP29.59$g0$hP$5Uk
=ACF  \\$aPrevious copyright fee: GBP31.96$c22\3$e01-apr-2017$fGBP31.96$g0$hP$5Uk
=ACF  \\$aPrevious copyright fee: GBP30.73$c22\3$e01-oct-2017$fGBP30.73$g0$hP$5Uk
=ACF  \\$aPrevious copyright fee: GBP28.54$c22\3$e01-apr-2018$fGBP28.54$g0$hP$5Uk
=ACF  \\$aPrevious copyright fee: GBP34.00$c22\1$e01-jul-2018$fGBP34.00$g0$hP$5Uk
=LAS  \\$aIPL-CLA$b00$c20221231$lBLL01$h1446

