=LDR  06665cas a2201381 a 4500
=001  013096067
=003  Uk
=005  20221231144601.0
=006  m\\\\\\\\d\\\\\\\\
=007  cr\cnu||||||||
=008  000202c19869999gw\mr\pss\\\\\0\\\a0ger\c
=FMT  \\$a  SE
=010  \\$a2008233216
=022  \\$a1439-099X$y0179-7158
=035  \\$a(OCoLC)43383221$z(OCoLC)60630387
=040  \\$aVPI$cVPI$dOH1$dOCLCQ$dMUQ$dOCL$dGUA$dOCLCS$dOCLCQ$dUk
=041  0\$ager$aeng$beng
=042  \\$aukblsr
=050  14$aRC254.A1
=082  04$a616.9940642$223
=130  0\$aStrahlentherapie und Onkologie (Online)
=222  \0$aStrahlentherapie und Onkologie$b(Online)
=245  10$aStrahlentherapie und Onkologie$h[electronic resource].
=260  \\$a[Munich] :$bUrban & Vogel
=310  \\$aMonthly
=336  \\$atext$2rdacontent
=337  \\$acomputer$2rdamedia
=338  \\$aonline resource$2rdacarrier
=362  1\$aPrint began with Bd. 162, Heft 1 (Jan. 1986).
=500  \\$aDescription based on: Vol. 175, no. 7 (Jan. 1999); title from journal home page (SpringerLink, viewed Jan. 18, 2008).
=500  \\$aLatest issue consulted: Vol. 184, no. 1 (Jan. 2008) (viewed Jan. 18, 2008).
=525  \\$aSupplements accompany some issues.
=546  \\$aArticles in German or in English; summaries in English and German.
=550  \\$aOfficial publication of: Deutsche Gesellschaft für Radioonkologie [et al.].
=540  \\$aCurrent copyright fee: GBP34.95$c22\1$5Uk
=650  \0$aCancer$xRadiotherapy$vPeriodicals.
=650  \0$aOncology$vPeriodicals.
=650  \0$aRadiotherapy$vPeriodicals.
=650  \0$aMedical physics$vPeriodicals.
=710  2\$aDeutsche Gesellschaft für Medizinische Physik.
=710  2\$aDeutsche Gesellschaft für Radioonkologie.
=710  2\$aDeutsche Röntgengesellschaft.
=710  2\$aAG Radioonkologie der Deutschen Krebsgesellschaft.
=710  2\$aUngarische Gesellschaft für Radioonkologie.
=710  2\$aÖsterreichische Gesellschaft für Radioonkologie, Radiobiologie und Medizinische Radiophysik.
=710  2\$aSchweizerische Wissenschaftliche Gesellschaft für Radioonkologie.
=776  08$iPrint version:$tStrahlentherapie und Onkologie$x0179-7158
=780  00$tStrahlentherapie (Online)
=856  \\$31850-9999$uhttp://www.springer.com/gb/$xBLDSS
=856  40$uhttp://firstsearch.oclc.org$zAddress for accessing the journal using authorization number and password through OCLC FirstSearch Electronic Collections Online
=856  40$uhttp://www.springerlink.com/content/103711
=859  \\$aXLD$bejournal
=852  41$aBritish Library$bDSC$j8470.010000$3Volume 173:Issue 3(1997)-Volume 194:Issue 3(2018)***See ESTAR for full holdings.
=945  \\$aStrahlentherapie und onkologie
=959  \\$fHeld but not currently received
=979  \\$aBritish Library$bDSC$j8470.010000
=985  \\$aAC - 2nd, 4th, 5th and 7th 710s = new. Please see attached printouts.
=985  \\$aCONFERENCE ANALYTIC RECORDS EXIST
=CAT  \\$a8335$b40$c20050128$lBLL01$h1140
=CAT  \\$aIPL-CLA$c20150630$lBLL01$h1646
=CAT  \\$aBATCH-UPD$b00$c20150820$lBLL01$h1856
=CAT  \\$aIPL-CLA$c20150930$lBLL01$h1806
=CAT  \\$aBATCH-UPD$b00$c20160217$lBLL01$h1749
=CAT  \\$aIPL-CLA$c20160331$lBLL01$h1727
=CAT  \\$aBATCH-UPD$b00$c20160523$lBLL01$h1123
=CAT  \\$aBATCH-UPD$b00$c20160524$lBLL01$h2210
=CAT  \\$aBATCH-UPD$b00$c20160824$lBLL01$h1817
=CAT  \\$aIPL-CLA$c20160930$lBLL01$h1603
=CAT  \\$aBATCH-UPD$b00$c20170216$lBLL01$h1906
=CAT  \\$aIPL-CLA$c20170331$lBLL01$h1844
=CAT  \\$aBATCH-UPD$b00$c20170904$lBLL01$h1917
=CAT  \\$aIPL-CLA$c20170929$lBLL01$h1728
=CAT  \\$aBATCH-UPD$b00$c20180223$lBLL01$h1749
=CAT  \\$aIPL-CLA$c20180331$lBLL01$h1620
=CAT  \\$aW1805-0475$c20180520$lBLL01$h1631
=CAT  \\$aBATCH-UPD$b00$c20180524$lBLL01$h1734
=CAT  \\$aIPL-CLA$c20180630$lBLL01$h1916
=CAT  \\$aW1908-0780$b00$c20200730$lBLL01$h1328
=CAT  \\$a5552$b40$c20210824$lBLL01$h1412
=CAT  \\$aIPL-CLA$c20210930$lBLL01$h1528
=CAT  \\$aCDS21$c20220118$lBLL01$h1105
=CAT  \\$aBATCH-UPD$b00$c20221121$lBLL01$h1411
=CAT  \\$a5410$b40$c20221126$lBLL01$h1539
=CAT  \\$aIPL-CLA$c20221231$lBLL01$h1446
=CFI  0\$aCurrent copyright fee: GBP34.95$c22\1$e01-jan-2023$fGBP34.95$g0$hP$5Uk
=CFI  2\$aPrevious copyright fee: GBP43.00$c22\1$e01-oct-2021$fGBP43.00$g0$hP$5Uk
=EST  \\$a1
=FFP  \\$aY$bBLDSS-3PM
=FIN  \\$aY$d20120104
=MNI  \\$a0179-7158
=SID  \\$aZ39$bOCLC
=TCO  \\$aZZZ$c008
=TCO  \\$aDEU$bVG WORT$c008
=TOC  \\$aETOC
=UNO  \\$aY
=ACF  \\$aPrevious copyright fee: GBP21.25$c23\8$e01-jan-2009$fGBP21.25$g0$hP$5Uk
=ACF  \\$aPrevious copyright fee: GBP16.75$c23\8$e01-jan-2007$fGBP16.75$g0$hP$5Uk
=ACF  \\$aPrevious copyright fee: GBP16.22$c23\8$e01-oct-2006$fGBP16.22$g0$hP$5Uk
=ACF  \\$aPrevious copyright fee: GBP17.14$c23\8$e01-apr-2006$fGBP17.14$g0$hP$5Uk
=ACF  \\$aPrevious copyright fee: GBP16.67$c23\8$e01-jan-2006$fGBP16.67$g0$hP$5Uk
=ACF  \\$aPrevious copyright fee: GBP16.22$c23\8$e01-apr-2005$fGBP16.22$g0$hP$5Uk
=ACF  \\$aPrevious copyright fee: GBP16.67$c23\8$e01-jan-2005$fGBP16.67$g0$hP$5Uk
=ACF  \\$aPrevious copyright fee: GBP22.00$c23\8$e01-apr-2009$fGBP22.00$g0$hP$5Uk
=ACF  \\$aPrevious copyright fee: GBP22.00$c23\8$e12-aug-2012$fGBP22.00$g0$hP$5Uk
=ACF  \\$aPrevious copyright fee: GBP25.00$c23\8$e01-jan-2013$fGBP25.00$g0$hP$5Uk
=ACF  \\$aPrevious copyright fee: GBP25.77$c23\8$e01-jul-2013$fGBP25.77$g0$hP$5Uk
=ACF  \\$aPrevious copyright fee: GBP24.97$c23\8$e01-jan-2014$fGBP24.97$g0$hP$5Uk
=ACF  \\$aPrevious copyright fee: GBP24.21$c23\8$e01-jul-2014$fGBP24.21$g0$hP$5Uk
=ACF  \\$aPrevious copyright fee: GBP25.77$c23\8$e01-apr-2015$fGBP25.77$g0$hP$5Uk
=ACF  \\$aPrevious copyright fee: GBP26.63$c23\8$e01-jul-2015$fGBP26.63$g0$hP$5Uk
=ACF  \\$aPrevious copyright fee: GBP25.77$c23\8$e01-oct-2015$fGBP25.77$g0$hP$5Uk
=ACF  \\$aPrevious copyright fee: GBP27.55$c23\8$e01-apr-2016$fGBP27.55$g0$hP$5Uk
=ACF  \\$aPrevious copyright fee: GBP29.59$c23\8$e01-oct-2016$fGBP29.59$g0$hP$5Uk
=ACF  \\$aPrevious copyright fee: GBP31.96$c23\8$e01-apr-2017$fGBP31.96$g0$hP$5Uk
=ACF  \\$aPrevious copyright fee: GBP30.73$c23\8$e01-oct-2017$fGBP30.73$g0$hP$5Uk
=ACF  \\$aPrevious copyright fee: GBP28.54$c23\8$e01-apr-2018$fGBP28.54$g0$hP$5Uk
=ACF  \\$aPrevious copyright fee: GBP34.00$c22\1$e01-jul-2018$fGBP34.00$g0$hP$5Uk
=LAS  \\$aIPL-CLA$b00$c20221231$lBLL01$h1446

