=LDR  06362cas a2201357 a 4500
=001  013096303
=003  Uk
=005  20221231144601.0
=006  m\\\\\\\\d\\\\\\\\
=007  cr\cnu||||||||
=008  991118c19649999it\qr\pss\\\\f0\\\a0eng\c
=FMT  \\$a  SE
=010  \\$a2001229155
=022  \\$a1126-5434$y0008-0624
=035  \\$a(OCoLC)42851885
=040  \\$aGAT$cGAT$dFUG$dOCLCQ$dOCLCS$dOCLCQ$dOCL$dOCLCQ$dUk
=041  \\$aeng$aita$afre
=042  \\$aukblsr
=050  \4$aQA75.5$b.C56c
=082  04$a515$223
=130  0\$aCalcolo (Online)
=222  \0$aCalcolo$b(Online)
=245  10$aCalcolo$h[electronic resource].
=260  \\$aRoma :$bConsiglio nazionale delle ricerche
=260  3\$aMilan :$b[Springer-Verlag Italia]
=310  \\$aQuarterly
=336  \\$atext$2rdacontent
=337  \\$acomputer$2rdamedia
=338  \\$aonline resource$2rdacarrier
=362  1\$aPrint began with Jan./Mar. 1964 issue.
=550  \\$aPublished in cooperation with the Associazione italiana per il calcolo automatico.
=550  \\$aPublished "under the direction of the Institute for Computational Mathematics in Pisa."
=500  \\$a"A quarterly on numerical analysis and theory of computation."
=500  \\$aDescription based on: Vol. 35, no. 1 (1998); title from title screen (viewed Nov. 10, 1999).
=530  \\$aAlso issued in print.
=515  \\$aSeveral issues combined, 1964-1996.
=546  \\$aEnglish, Italian, and French, 1964- ; English only, <2011- >.
=540  \\$aCurrent copyright fee: GBP29.95$c22\1$5Uk
=650  \0$aNumerical analysis$vPeriodicals.
=650  \0$aFunctional analysis$vPeriodicals.
=650  \0$aComputer science$xMathematics$vPeriodicals.
=710  2\$aConsiglio nazionale delle ricerche (Italy)
=710  2\$aIstituto per le applicazioni del calcolo.
=710  2\$aIstituto di elaborazione dell'informazione (Italy)
=710  2\$aCentro studi calcolatrici elettroniche (Italy)
=710  2\$aAssociazione italiana per il calcolo automatico.
=776  1\$tCalcolo$x0008-0624
=856  \\$31850-9999$uhttp://www.springer.com/gb/$xBLDSS
=856  40$uhttp://firstsearch.oclc.org$zAddress for accessing the journal using authorization number and password through OCLC FirstSearch Electronic Collections Online
=856  40$uhttp://link.springer-ny.com/link/service/journals/10092/index.htm
=856  40$uhttp://www.springerlink.com/content/0008-0624
=859  \\$aXLD$bejournal
=852  41$aBritish Library$bDSC$j2954.300000$3Volume 42:Number 1(2005)-Volume 55:Issue 2(2018)***See ESTAR for full holdings.
=945  \\$aCalcolo
=959  \\$fHeld but not currently received
=979  \\$aBritish Library$bDSC$j2954.300000
=CAT  \\$a5552$b40$c20050128$lBLL01$h1352
=CAT  \\$aIPL-CLA$c20150331$lBLL01$h1638
=CAT  \\$aBATCH-UPD$b00$c20150520$lBLL01$h1755
=CAT  \\$aIPL-CLA$c20150630$lBLL01$h1646
=CAT  \\$aBATCH-UPD$b00$c20150820$lBLL01$h1842
=CAT  \\$aIPL-CLA$c20150930$lBLL01$h1806
=CAT  \\$aBATCH-UPD$b00$c20160217$lBLL01$h1733
=CAT  \\$aIPL-CLA$c20160331$lBLL01$h1727
=CAT  \\$aBATCH-UPD$b00$c20160520$lBLL01$h0907
=CAT  \\$aBATCH-UPD$b00$c20160524$lBLL01$h2210
=CAT  \\$aBATCH-UPD$b00$c20160824$lBLL01$h1800
=CAT  \\$aIPL-CLA$c20160930$lBLL01$h1603
=CAT  \\$aBATCH-UPD$b00$c20170216$lBLL01$h1848
=CAT  \\$aIPL-CLA$c20170331$lBLL01$h1844
=CAT  \\$aBATCH-UPD$b00$c20170904$lBLL01$h1858
=CAT  \\$aIPL-CLA$c20170929$lBLL01$h1729
=CAT  \\$aBATCH-UPD$b00$c20180223$lBLL01$h1731
=CAT  \\$aIPL-CLA$c20180331$lBLL01$h1620
=CAT  \\$aW1805-0475$c20180520$lBLL01$h1631
=CAT  \\$aBATCH-UPD$b00$c20180524$lBLL01$h1718
=CAT  \\$aIPL-CLA$c20180630$lBLL01$h1916
=CAT  \\$aW1908-0780$b00$c20200730$lBLL01$h1328
=CAT  \\$aCDS21$c20220118$lBLL01$h1105
=CAT  \\$aBATCH-UPD$b00$c20221121$lBLL01$h1400
=CAT  \\$a5410$b40$c20221203$lBLL01$h1038
=CAT  \\$aIPL-CLA$c20221231$lBLL01$h1446
=CFI  0\$aCurrent copyright fee: GBP29.95$c22\1$e01-jan-2023$fGBP29.95$g0$hP$5Uk
=CFI  2\$aPrevious copyright fee: GBP34.00$c22\1$e01-jul-2018$fGBP34.00$g0$hP$5Uk
=EST  \\$a1
=FFP  \\$aY$bBLDSS-3PM
=FIN  \\$aY$d20120104
=LKR  \\$aPAR$b011740485$lBLL01$r776$mCalcolo.$nCALCOLO.
=MNI  \\$a0008-0624
=SID  \\$aZ39$bOCLC
=TCO  \\$aZZZ$c008
=TCO  \\$aITA$bAIDRO / SIAE$c008
=TOC  \\$aETOC
=UNO  \\$aY
=ACF  \\$aPrevious copyright fee: GBP21.25$c22\6$e01-jan-2009$fGBP21.25$g0$hP$5Uk
=ACF  \\$aPrevious copyright fee: GBP16.75$c22\6$e01-jan-2007$fGBP16.75$g0$hP$5Uk
=ACF  \\$aPrevious copyright fee: GBP16.22$c22\6$e01-oct-2006$fGBP16.22$g0$hP$5Uk
=ACF  \\$aPrevious copyright fee: GBP17.14$c22\6$e01-apr-2006$fGBP17.14$g0$hP$5Uk
=ACF  \\$aPrevious copyright fee: GBP16.67$c22\6$e01-jan-2006$fGBP16.67$g0$hP$5Uk
=ACF  \\$aPrevious copyright fee: GBP16.22$c22\6$e01-apr-2005$fGBP16.22$g0$hP$5Uk
=ACF  \\$aPrevious copyright fee: GBP16.67$c22\6$e01-jan-2005$fGBP16.67$g0$hP$5Uk
=ACF  \\$aPrevious copyright fee: GBP22.00$c22\6$e01-apr-2009$fGBP22.00$g0$hP$5Uk
=ACF  \\$aPrevious copyright fee: GBP22.00$c22\6$e12-aug-2012$fGBP22.00$g0$hP$5Uk
=ACF  \\$aPrevious copyright fee: GBP25.00$c22\6$e01-jan-2013$fGBP25.00$g0$hP$5Uk
=ACF  \\$aPrevious copyright fee: GBP25.77$c22\6$e01-jul-2013$fGBP25.77$g0$hP$5Uk
=ACF  \\$aPrevious copyright fee: GBP24.97$c22\6$e01-jan-2014$fGBP24.97$g0$hP$5Uk
=ACF  \\$aPrevious copyright fee: GBP24.21$c22\6$e01-jul-2014$fGBP24.21$g0$hP$5Uk
=ACF  \\$aPrevious copyright fee: GBP25.77$c22\6$e01-apr-2015$fGBP25.77$g0$hP$5Uk
=ACF  \\$aPrevious copyright fee: GBP26.63$c22\6$e01-jul-2015$fGBP26.63$g0$hP$5Uk
=ACF  \\$aPrevious copyright fee: GBP25.77$c22\6$e01-oct-2015$fGBP25.77$g0$hP$5Uk
=ACF  \\$aPrevious copyright fee: GBP27.55$c22\6$e01-apr-2016$fGBP27.55$g0$hP$5Uk
=ACF  \\$aPrevious copyright fee: GBP29.59$c22\6$e01-oct-2016$fGBP29.59$g0$hP$5Uk
=ACF  \\$aPrevious copyright fee: GBP31.96$c22\6$e01-apr-2017$fGBP31.96$g0$hP$5Uk
=ACF  \\$aPrevious copyright fee: GBP30.73$c22\6$e01-oct-2017$fGBP30.73$g0$hP$5Uk
=ACF  \\$aPrevious copyright fee: GBP28.54$c22\6$e01-apr-2018$fGBP28.54$g0$hP$5Uk
=LAS  \\$aIPL-CLA$b00$c20221231$lBLL01$h1446

