=LDR  05896cas a2201249 a 4500
=001  013096534
=003  Uk
=005  20221231144602.0
=006  m\\\\\\\\d\\\\\\\\
=007  cr\cnu||||||||
=008  000201c19879999gw\br\pss\\\\\0\\\a0ger\d
=FMT  \\$a  SE
=022  \\$a1432-2129$y0932-433X
=035  \\$a(OCoLC)43374219
=040  \\$aVPI$beng$cVPI$dAAA$dOCLCQ$dCGU$dOCL$dOCLCQ$dUk
=041  0\$ager$beng
=042  \\$aukblsr
=050  \4$aRB127$b.S35 (Internet)
=082  04$a616.0472$223
=130  0\$aSchmerz (Berlin, Germany : Online)
=222  \4$aDer Schmerz$b(Berlin. Internet)
=245  14$aDer Schmerz$h[electronic resource].
=260  \\$aBerlin :$bSpringer
=310  \\$aBimonthly,$b2008-
=321  \\$aSix issues yearly (irregular),$b2001-2007
=321  \\$aBimonthly,$b<1997>-2000
=336  \\$atext$2rdacontent
=337  \\$acomputer$2rdamedia
=338  \\$aonline resource$2rdacarrier
=362  1\$aPrint began with Bd. 1, Heft 1 (Juli 1987).
=530  \\$aAlso issued in print.
=546  \\$aArticles in German; summaries in English and German.
=550  \\$aOrgan of the Sertürner Gesellschaft in cooperation with the Gesellschaft zum Studium des Schmerzes für Deutschland, Österreich und die Schweiz, and the Schmerztherapeutische Kolloquium.
=588  \\$aDescription based on: Vol. 11, no. 1 (1997); title from journal home page (viewed Jan. 28, 2000).
=588  \\$aLatest issue consulted: Vol. 25, no. 6 (Dec. 2011) (SpringerLink, viewed Jan. 4, 2012).
=540  \\$aCurrent copyright fee: GBP34.95$c22\1$5Uk
=650  \0$aPain$xTreatment$vPeriodicals.
=650  \0$aPain$vPeriodicals.
=710  2\$aSertürner Gesellschaft.
=710  2\$aGesellschaft zum Studium des Schmerzes für Deutschland, Österreich und die Schweiz.
=711  2\$aSchmerztherapeutische Kolloquium.
=776  1\$tSchmerz (Berlin, Germany)$x0932-433X
=856  \\$31850-9999$uhttp://www.springer.com/gb/$xBLDSS
=856  40$uhttp://firstsearch.oclc.org$zAddress for accessing the journal using authorization number and password through OCLC FirstSearch Electronic Collections Online
=856  40$uhttp://link.springer-ny.com/link/service/journals/00482/index.htm
=856  40$uhttp://www.springerlink.com/content/101180
=859  \\$aXLD$bejournal
=852  \\$aBritish Library$bDSC$j8090.965000$3Volume 11:Issue 4(1997)-Volume 32:Issue 1(2018)***See ESTAR for full holdings.
=945  \\$aSchmerz -Berlin- Springer Verlag-
=959  \\$fHeld but not currently received
=979  \\$aBritish Library$bDSC$j8090.965000
=CAT  \\$a7174$b40$c20050128$lBLL01$h1623
=CAT  \\$aIPL-CLA$c20150630$lBLL01$h1646
=CAT  \\$aBATCH-UPD$b00$c20150820$lBLL01$h1837
=CAT  \\$aIPL-CLA$c20150930$lBLL01$h1806
=CAT  \\$aBATCH-UPD$b00$c20160217$lBLL01$h1727
=CAT  \\$aIPL-CLA$c20160331$lBLL01$h1727
=CAT  \\$aBATCH-UPD$b00$c20160524$lBLL01$h2210
=CAT  \\$aBATCH-UPD$b00$c20160525$lBLL01$h0020
=CAT  \\$aBATCH-UPD$b00$c20160824$lBLL01$h1755
=CAT  \\$aIPL-CLA$c20160930$lBLL01$h1603
=CAT  \\$aBATCH-UPD$b00$c20170216$lBLL01$h1843
=CAT  \\$aIPL-CLA$c20170331$lBLL01$h1844
=CAT  \\$aBATCH-UPD$b00$c20170904$lBLL01$h1851
=CAT  \\$aIPL-CLA$c20170929$lBLL01$h1729
=CAT  \\$aBATCH-UPD$b00$c20180223$lBLL01$h1720
=CAT  \\$aIPL-CLA$c20180331$lBLL01$h1620
=CAT  \\$aW1805-0475$c20180520$lBLL01$h1631
=CAT  \\$aBATCH-UPD$b00$c20180524$lBLL01$h1714
=CAT  \\$aIPL-CLA$c20180630$lBLL01$h1916
=CAT  \\$aW1908-0780$b00$c20200730$lBLL01$h1328
=CAT  \\$a5552$b40$c20210824$lBLL01$h1345
=CAT  \\$aIPL-CLA$c20210930$lBLL01$h1528
=CAT  \\$aCDS21$c20220118$lBLL01$h1105
=CAT  \\$aBATCH-UPD$b00$c20221121$lBLL01$h1411
=CAT  \\$a5410$b40$c20221126$lBLL01$h1541
=CAT  \\$aIPL-CLA$c20221231$lBLL01$h1446
=CFI  0\$aCurrent copyright fee: GBP34.95$c22\1$e01-jan-2023$fGBP34.95$g0$hP$5Uk
=CFI  2\$aPrevious copyright fee: GBP43.00$c22\1$e01-oct-2021$fGBP43.00$g0$hP$5Uk
=EST  \\$a1
=FFP  \\$aY$bBLDSS-3PM
=FIN  \\$aY$d20120104
=MNI  \\$a0932-433X
=SID  \\$aZ39$bOCLC
=TCO  \\$aZZZ$c008
=TCO  \\$aDEU$bVG WORT$c008
=TOC  \\$aETOC
=UNO  \\$aY
=ACF  \\$aPrevious copyright fee: GBP16.67$c22\3$e01-jan-2006$fGBP16.67$g0$hP$5Uk
=ACF  \\$aPrevious copyright fee: GBP16.22$c22\3$e01-apr-2005$fGBP16.22$g0$hP$5Uk
=ACF  \\$aPrevious copyright fee: GBP16.67$c22\3$e01-jan-2005$fGBP16.67$g0$hP$5Uk
=ACF  \\$aPrevious copyright fee: GBP17.14$c22\3$e01-apr-2006$fGBP17.14$g0$hP$5Uk
=ACF  \\$aPrevious copyright fee: GBP22.00$c22\3$e12-aug-2012$fGBP22.00$g0$hP$5Uk
=ACF  \\$aPrevious copyright fee: GBP25.00$c22\3$e01-jan-2013$fGBP25.00$g0$hP$5Uk
=ACF  \\$aPrevious copyright fee: GBP25.77$c22\3$e01-jul-2013$fGBP25.77$g0$hP$5Uk
=ACF  \\$aPrevious copyright fee: GBP24.97$c22\3$e01-jan-2014$fGBP24.97$g0$hP$5Uk
=ACF  \\$aPrevious copyright fee: GBP24.21$c22\3$e01-jul-2014$fGBP24.21$g0$hP$5Uk
=ACF  \\$aPrevious copyright fee: GBP25.77$c22\3$e01-apr-2015$fGBP25.77$g0$hP$5Uk
=ACF  \\$aPrevious copyright fee: GBP26.63$c22\3$e01-jul-2015$fGBP26.63$g0$hP$5Uk
=ACF  \\$aPrevious copyright fee: GBP25.77$c22\3$e01-oct-2015$fGBP25.77$g0$hP$5Uk
=ACF  \\$aPrevious copyright fee: GBP27.55$c22\3$e01-apr-2016$fGBP27.55$g0$hP$5Uk
=ACF  \\$aPrevious copyright fee: GBP29.59$c22\3$e01-oct-2016$fGBP29.59$g0$hP$5Uk
=ACF  \\$aPrevious copyright fee: GBP31.96$c22\3$e01-apr-2017$fGBP31.96$g0$hP$5Uk
=ACF  \\$aPrevious copyright fee: GBP30.73$c22\3$e01-oct-2017$fGBP30.73$g0$hP$5Uk
=ACF  \\$aPrevious copyright fee: GBP28.54$c22\3$e01-apr-2018$fGBP28.54$g0$hP$5Uk
=ACF  \\$aPrevious copyright fee: GBP34.00$c22\1$e01-jul-2018$fGBP34.00$g0$hP$5Uk
=LAS  \\$aIPL-CLA$b00$c20221231$lBLL01$h1446

