=LDR  06903cas a2201393 a 4500
=001  013097749
=003  Uk
=005  20221231144603.0
=006  m\\\\\\\\d\\\\\\\\
=007  cr\cn|||||||||
=008  990518c19879999nyumr\pso\\\\\0\\\a0eng\\
=FMT  \\$a  SE
=010  \\$asn 99039698
=016  7\$a100889551$2DNLM
=022  0\$a1432-2218$l0930-2794$y0930-2794
=035  \\$a(OCoLC)41732874
=040  \\$aNLM$cNLM$dEYM$dOCLCQ$dMUQ$dCDS$dOCL$dOCLCQ$dMYG$dUk
=042  \\$aukblsr
=050  \4$aRD33.53$b.S97 (Internet)
=082  04$a617.05$223
=130  0\$aSurgical endoscopy (Online)
=210  0\$aSurg. endosc. other interv. tech.$b(Internet)
=222  \0$aSurgical endoscopy and other interventional techniques$b(Internet)
=245  10$aSurgical endoscopy$h[electronic resource] :$bultrasound and interventional techniques.
=246  13$aSurgical endoscopy and other interventional techniques
=260  \\$aNew York :$bSpringer-Verlag New York
=310  \\$aMonthly
=336  \\$atext$2rdacontent
=337  \\$acomputer$2rdamedia
=338  \\$aonline resource$2rdacarrier
=362  1\$aPrint began with vol. 1, no. 1 (Apr. 1987).
=588  \\$aDescription based on: Vol. 10, no. 1 (1996); title from contents p. (viewed May 20, 1999).
=588  \\$aLatest issue consulted: Vol. 26, no. 4 (Apr. 2012) (SpringerLink, viewed Mar. 27, 2012).
=530  \\$aAlso issued in print.
=550  \\$aOfficial journal of the Society of American Gastrointestinal Endoscopic Surgeons (SAGES) and European Association for Endoscopic Surgery (E.A.E.S.).
=540  \\$aCurrent copyright fee: GBP34.95$c22\1$5Uk
=650  \0$aEndoscopic surgery$vPeriodicals.
=650  \0$aEndoscopy$vPeriodicals.
=650  \0$aUltrasonic imaging$vPeriodicals.
=650  12$aEndoscopy.
=650  22$aUltrasonography.
=650  \6$aChirurgie endoscopique$vPériodiques.
=650  \6$aÉchographie$vPériodiques.
=710  2\$aSociety of American Gastrointestinal Endoscopic Surgeons.
=710  2\$aEuropean Association for Endoscopic Surgery.
=776  1\$tSurgical endoscopy$x0930-2794
=856  \\$31850-9999$uhttp://www.springer.com/gb/$xBLDSS
=856  40$uhttp://firstsearch.oclc.org$zAddress for accessing the journal using authorization number and password through OCLC FirstSearch Electronic Collections Online
=856  40$uhttp://firstsearch.oclc.org/journal=0930-2794;screen=info;ECOIP$zAddress for accessing the journal from an authorized IP address through OCLC FirstSearch Electronic Collections Online
=856  40$uhttp://link.springer-ny.com/link/service/journals/00464/index.htm
=856  40$uhttp://link.springer.de/link/service/journals/00464/index.htm
=856  40$uhttp://www.springerlink.com/content/100368/
=856  40$uhttp://www.springerlink.com/openurl.asp?genre=journal&issn=0930-2794
=859  \\$aXLD$bejournal
=852  41$aBritish Library$bDSC$j8548.215000$3Volume 11:Number 1(1997)-Volume 32:Issue 4(2018)***See ESTAR for full holdings.
=945  \\$aSurgical endoscopy
=959  \\$fHeld but not currently received
=979  \\$aBritish Library$bDSC$j8548.215000
=CAT  \\$a8335$b40$c20050131$lBLL01$h1620
=CAT  \\$aIPL-CLA$c20150630$lBLL01$h1646
=CAT  \\$aBATCH-UPD$b00$c20150820$lBLL01$h1846
=CAT  \\$aIPL-CLA$c20150930$lBLL01$h1806
=CAT  \\$aBATCH-UPD$b00$c20160217$lBLL01$h1737
=CAT  \\$aIPL-CLA$c20160331$lBLL01$h1727
=CAT  \\$aBATCH-UPD$b00$c20160524$lBLL01$h2210
=CAT  \\$aBATCH-UPD$b00$c20160525$lBLL01$h0020
=CAT  \\$aBATCH-UPD$b00$c20160824$lBLL01$h1804
=CAT  \\$aIPL-CLA$c20160930$lBLL01$h1603
=CAT  \\$aBATCH-UPD$b00$c20170216$lBLL01$h1852
=CAT  \\$aIPL-CLA$c20170331$lBLL01$h1844
=CAT  \\$aBATCH-UPD$b00$c20170904$lBLL01$h1902
=CAT  \\$aIPL-CLA$c20170929$lBLL01$h1729
=CAT  \\$aBATCH-UPD$b00$c20180223$lBLL01$h1735
=CAT  \\$aIPL-CLA$c20180331$lBLL01$h1620
=CAT  \\$aW1805-0475$c20180520$lBLL01$h1631
=CAT  \\$aBATCH-UPD$b00$c20180524$lBLL01$h1722
=CAT  \\$aIPL-CLA$c20180630$lBLL01$h1916
=CAT  \\$aW1908-0780$b00$c20200730$lBLL01$h1328
=CAT  \\$a5552$b40$c20210824$lBLL01$h1416
=CAT  \\$aIPL-CLA$c20210930$lBLL01$h1528
=CAT  \\$aCDS21$c20220118$lBLL01$h1105
=CAT  \\$aBATCH-UPD$b00$c20221121$lBLL01$h1411
=CAT  \\$a5410$b40$c20221202$lBLL01$h1952
=CAT  \\$aIPL-CLA$c20221231$lBLL01$h1446
=CFI  0\$aCurrent copyright fee: GBP34.95$c22\1$e01-jan-2023$fGBP34.95$g0$hP$5Uk
=CFI  2\$aPrevious copyright fee: GBP43.00$c22\1$e01-oct-2021$fGBP43.00$g0$hP$5Uk
=EST  \\$a1
=FFP  \\$aY$bBLDSS-3PM
=FIN  \\$aY$d20120327
=LKR  \\$aPAR$b007535857$lBLL01$r776$mSurgical endoscopy (Online)$nSurgical endoscopy (Print)
=MNI  \\$a0930-2794
=SID  \\$aZ39$bOCLC
=TCO  \\$aZZZ$c008
=TCO  \\$aDEU$bVG WORT$c008
=TOC  \\$aETOC
=UNO  \\$aY
=ACF  \\$aPrevious copyright fee: GBP21.25$c22\8$e01-jan-2009$fGBP21.25$g0$hP$5Uk
=ACF  \\$aPrevious Copyright Fee: GBP16.75$c22\8$e01-jan-2007$fGBP16.75$g0$hP$5Uk
=ACF  \\$aPrevious copyright fee: GBP16.22$c22\8$e01-oct-2006$fGBP16.22$g0$hP$5Uk
=ACF  \\$aPrevious copyright fee: GBP17.14$c22\8$e01-apr-2006$fGBP17.14$g0$hP$5Uk
=ACF  \\$aPrevious copyright fee: GBP16.67$c22\8$e01-jan-2006$fGBP16.67$g0$hP$5Uk
=ACF  \\$aPrevious copyright fee: GBP16.22$c22\8$e01-apr-2005$fGBP16.22$g0$hP$5Uk
=ACF  \\$aPrevious copyright fee: GBP16.67$c22\8$e01-jan-2005$fGBP16.67$g0$hP$5Uk
=ACF  \\$aPrevious copyright fee: GBP22.00$c22\8$e01-apr-2009$fGBP22.00$g0$hP$5Uk
=ACF  \\$aPrevious copyright fee: GBP22.00$c22\8$e12-aug-2012$fGBP22.00$g0$hP$5Uk
=ACF  \\$aPrevious copyright fee: GBP25.00$c22\8$e01-jan-2013$fGBP25.00$g0$hP$5Uk
=ACF  \\$aPrevious copyright fee: GBP25.77$c22\8$e01-jul-2013$fGBP25.77$g0$hP$5Uk
=ACF  \\$aPrevious copyright fee: GBP24.97$c22\8$e01-jan-2014$fGBP24.97$g0$hP$5Uk
=ACF  \\$aPrevious copyright fee: GBP24.21$c22\8$e01-jul-2014$fGBP24.21$g0$hP$5Uk
=ACF  \\$aPrevious copyright fee: GBP25.77$c22\8$e01-apr-2015$fGBP25.77$g0$hP$5Uk
=ACF  \\$aPrevious copyright fee: GBP26.63$c22\8$e01-jul-2015$fGBP26.63$g0$hP$5Uk
=ACF  \\$aPrevious copyright fee: GBP25.77$c22\8$e01-oct-2015$fGBP25.77$g0$hP$5Uk
=ACF  \\$aPrevious copyright fee: GBP27.55$c22\8$e01-apr-2016$fGBP27.55$g0$hP$5Uk
=ACF  \\$aPrevious copyright fee: GBP29.59$c22\8$e01-oct-2016$fGBP29.59$g0$hP$5Uk
=ACF  \\$aPrevious copyright fee: GBP31.96$c22\8$e01-apr-2017$fGBP31.96$g0$hP$5Uk
=ACF  \\$aPrevious copyright fee: GBP30.73$c22\8$e01-oct-2017$fGBP30.73$g0$hP$5Uk
=ACF  \\$aPrevious copyright fee: GBP28.54$c22\8$e01-apr-2018$fGBP28.54$g0$hP$5Uk
=ACF  \\$aPrevious copyright fee: GBP34.00$c22\1$e01-jul-2018$fGBP34.00$g0$hP$5Uk
=LAS  \\$aIPL-CLA$b00$c20221231$lBLL01$h1446

