=LDR  07057cas a2201405 a 4500
=001  013100958
=003  Uk
=005  20221231144603.0
=006  m\\\\\\\\d\\\\\\\\
=007  cr\cnu||||||||
=008  020814d19742006sz\bx\pso\\\\\0\\\b0eng\c
=FMT  \\$a  SE
=010  \\$a2002256081
=022  0\$a1420-911X$l0303-8408$y0303-8408
=035  \\$a(OCoLC)50405826$z(OCoLC)60637378
=040  \\$aRBN$cRBN$dOCLCQ$dOCL$dMYG$dOCLCQ
=041  0\$aeng$afre$ager
=042  \\$apcc
=050  14$aRA421
=082  04$a614$223
=130  0\$aSozial- und Präventivmedizin (Online)
=222  \0$aSozial- und Präventivmedizin (Online)
=245  10$aSozial- und Präventivmedizin$h[electronic resource] =$bSocial and preventive medicine = Médecine sociale et préventive : SPM.
=246  31$aSocial and preventive medicine
=246  31$aMédecine sociale et préventive
=246  30$aSPM
=260  \\$aBasel, Switzerland :$bBirkhäuser,$c-c2006.
=310  \\$a6 issues yearly,$bJan. 2002-
=321  \\$aBimonthly
=336  \\$atext$2rdacontent
=337  \\$acomputer$2rdamedia
=338  \\$aonline resource$2rdacarrier
=362  1\$aPrint began with vol. 19, Jan./Feb. 1974 issue.
=362  0\$a-v. 51, no. 6 (Nov. 2006).
=588  \\$aDescription based on: Vol. 47, no. 1 (2002); title from table of contents screen (viewed Aug. 14, 2002).
=588  \\$aLatest issue consulted: Vol. 51, no. 6 (Nov. 2006) (SpringerLink, viewed Mar. 27, 2012).
=580  \\$aIncludes issues of earlier title: Zeitschrift für Präventivmedizin.
=530  \\$aAlso issued in print.
=546  \\$aEnglish, French, and German.
=550  \\$aOfficial publication of: Swiss Society for Public Health, in cooperation with the German Society of Medical Sociology, and with the support of the Swiss Foundation for Health Promotion.
=540  \\$aCurrent copyright fee: GBP29.95$c22\1$5Uk
=650  \0$aMedicine, Preventive$vPeriodicals.
=650  \0$aSocial medicine$vPeriodicals.
=650  \2$aPreventive Medicine$vPeriodicals.
=650  \2$aSocial Medicine$vPeriodicals.
=710  2\$aSociété suisse de santé publique.
=710  2\$aDeutsche Gesellschaft für medizinische Soziologie.
=710  2\$aGesendheitsförderung Schweiz.
=776  08$iPrint version:$tSozial- und Präventivmedizin$x0303-8408
=780  00$tZeitschrift für Präventivmedizin (Online)
=785  00$tInternational journal of public health (Online)$x1661-8564
=856  \\$31850-9999$uhttp://www.springer.com/gb/$xBLDSS
=856  40$uhttp://firstsearch.oclc.org$zAddress for accessing the journal using authorization number and password through OCLC FirstSearch Electronic Collections Online
=856  40$uhttp://firstsearch.oclc.org/journal=0303-8408;screen=info;ECOIP$zAddress for accessing the journal from an authorized IP address through OCLC FirstSearch Electronic Collections Online
=856  40$uhttp://link.springer-ny.com/link/service/journals/00038/index.htm
=856  40$uhttp://www.springerlink.com/content/0303-8408
=856  40$uhttp://www.springerlink.com/content/0303-8408/
=859  \\$aXLD$bejournal
=852  41$aBritish Library$bDSC$j8361.009000$3Volume 42:Issue 3(1997)-Volume 51:Issue 6(2006)***See ESTAR for full holdings.
=945  \\$aSozial und praventivmedizin
=959  \\$fHeld but not currently received
=CAT  \\$a8335$b40$c20050202$lBLL01$h1038
=CAT  \\$aBATCH-UPD$b00$c20150103$lBLL01$h1306
=CAT  \\$aBATCH-UPD$b00$c20150219$lBLL01$h1734
=CAT  \\$aIPL-CLA$c20150331$lBLL01$h1638
=CAT  \\$aBATCH-UPD$b00$c20150520$lBLL01$h1743
=CAT  \\$aIPL-CLA$c20150630$lBLL01$h1646
=CAT  \\$aBATCH-UPD$b00$c20150820$lBLL01$h1830
=CAT  \\$aIPL-CLA$c20150930$lBLL01$h1806
=CAT  \\$aBATCH-UPD$b00$c20160217$lBLL01$h1720
=CAT  \\$aIPL-CLA$c20160331$lBLL01$h1727
=CAT  \\$aBATCH-UPD$b00$c20160524$lBLL01$h2210
=CAT  \\$aBATCH-UPD$b00$c20160525$lBLL01$h0020
=CAT  \\$aBATCH-UPD$b00$c20160824$lBLL01$h1748
=CAT  \\$aIPL-CLA$c20160930$lBLL01$h1603
=CAT  \\$aBATCH-UPD$b00$c20170216$lBLL01$h1836
=CAT  \\$aIPL-CLA$c20170331$lBLL01$h1844
=CAT  \\$aBATCH-UPD$b00$c20170904$lBLL01$h1844
=CAT  \\$aIPL-CLA$c20170929$lBLL01$h1729
=CAT  \\$aBATCH-UPD$b00$c20180223$lBLL01$h1703
=CAT  \\$aIPL-CLA$c20180331$lBLL01$h1620
=CAT  \\$aBATCH-UPD$b00$c20180524$lBLL01$h1708
=CAT  \\$aIPL-CLA$c20180630$lBLL01$h1916
=CAT  \\$aW1908-0780$b00$c20200730$lBLL01$h1328
=CAT  \\$aCDS21$c20220118$lBLL01$h1105
=CAT  \\$aBATCH-UPD$b00$c20221121$lBLL01$h1400
=CAT  \\$aIPL-CLA$c20221231$lBLL01$h1446
=CFI  0\$aCurrent copyright fee: GBP29.95$c22\1$e01-jan-2023$fGBP29.95$g0$hP$5Uk
=CFI  2\$aPrevious copyright fee: GBP34.00$c22\1$e01-jul-2018$fGBP34.00$g0$hP$5Uk
=EST  \\$a1
=FFP  \\$aY$bBLDSS-3PM
=FIN  \\$aY$d20120327
=LKR  \\$aPAR$b009882029$lBLL01$r776$mSozial- und praventivmedizin (Online)$nSozial- und praventivmedizin (Print).
=MNI  \\$a0303-8408
=SID  \\$aZ39$bOCLC
=TCO  \\$aCHE$bPRO LITTERIS$c008
=TOC  \\$aETOC
=UNO  \\$aY
=ACF  \\$aPrevious copyright fee: GBP21.25$c22\1$e01-jan-2009$fGBP21.25$g0$hP$5Uk
=ACF  \\$aPrevious copyright fee: GBP16.75$c22\1$e01-jan-2007$fGBP16.75$g0$hP$5Uk
=ACF  \\$aPrevious copyright fee: GBP16.22$c22\1$e01-oct-2006$fGBP16.22$g0$hP$5Uk
=ACF  \\$aPrevious copyright fee: GBP17.14$c22\1$e01-apr-2006$fGBP17.14$g0$hP$5Uk
=ACF  \\$aPrevious copyright fee: GBP16.67$c22\1$e01-jan-2006$fGBP16.67$g0$hP$5Uk
=ACF  \\$aPrevious copyright fee: GBP16.22$c22\1$e01-apr-2005$fGBP16.22$g0$hP$5Uk
=ACF  \\$aPrevious copyright fee: GBP16.67$c22\1$e01-jan-2005$fGBP16.67$g0$hP$5Uk
=ACF  \\$aPrevious copyright fee: GBP22.00$c22\1$e01-apr-2009$fGBP22.00$g0$hP$5Uk
=ACF  \\$aPrevious copyright fee: GBP22.00$c22\1$e12-aug-2012$fGBP22.00$g0$hP$5Uk
=ACF  \\$aPrevious copyright fee: GBP25.00$c22\1$e01-jan-2013$fGBP25.00$g0$hP$5Uk
=ACF  \\$aPrevious copyright fee: GBP25.77$c22\1$e01-jul-2013$fGBP25.77$g0$hP$5Uk
=ACF  \\$aPrevious copyright fee: GBP24.97$c22\1$e01-jan-2014$fGBP24.97$g0$hP$5Uk
=ACF  \\$aPrevious copyright fee: GBP24.21$c22\1$e01-jul-2014$fGBP24.21$g0$hP$5Uk
=ACF  \\$aPrevious copyright fee: GBP25.77$c22\1$e01-apr-2015$fGBP25.77$g0$hP$5Uk
=ACF  \\$aPrevious copyright fee: GBP26.63$c22\1$e01-jul-2015$fGBP26.63$g0$hP$5Uk
=ACF  \\$aPrevious copyright fee: GBP25.77$c22\1$e01-oct-2015$fGBP25.77$g0$hP$5Uk
=ACF  \\$aPrevious copyright fee: GBP27.55$c22\1$e01-apr-2016$fGBP27.55$g0$hP$5Uk
=ACF  \\$aPrevious copyright fee: GBP29.59$c22\1$e01-oct-2016$fGBP29.59$g0$hP$5Uk
=ACF  \\$aPrevious copyright fee: GBP31.96$c22\1$e01-apr-2017$fGBP31.96$g0$hP$5Uk
=ACF  \\$aPrevious copyright fee: GBP30.73$c22\1$e01-oct-2017$fGBP30.73$g0$hP$5Uk
=ACF  \\$aPrevious copyright fee: GBP28.54$c22\1$e01-apr-2018$fGBP28.54$g0$hP$5Uk
=LAS  \\$aIPL-CLA$b00$c20221231$lBLL01$h1446

