=LDR  06641cas a2201321 a 4500
=001  013103427
=003  Uk
=005  20221231144605.0
=006  m\\\\\\\\d\\\\\\\\
=007  cr\mnu||||||||
=008  010628c19749999au\mx\pso\\\\\0\\\a0eng\c
=FMT  \\$a  SE
=010  \\$a2004233232
=022  0\$a1615-6110$l0378-2697$y0378-2697
=035  \\$a(OCoLC)47207423
=040  \\$aOH1$cOH1$dOCLCQ$dCGU$dOCLCQ$dGUA$dOCLCQ$dMUQ$dIUL$dOCL$dOCLCQ$dUk
=042  \\$aukblsr
=050  14$aQK1
=082  04$a581.3$223
=130  0\$aPlant systematics and evolution (Online)
=222  \0$aPlant systematics and evolution$b(Internet)
=245  10$aPlant systematics and evolution$h[electronic resource].
=260  \\$a[Wien] :$bSpringer-Verlag Wien
=310  \\$aEleven issues yearly,$b2003-
=321  \\$aNine issues yearly,$b<2001>-2002
=336  \\$atext$2rdacontent
=337  \\$acomputer$2rdamedia
=338  \\$aonline resource$2rdacarrier
=362  1\$aPrint began with vol. 123, no. 1, published in 1974.
=580  \\$aIncludes issues of earlier titles: Oesterreichisches botanisches Wochenblatt, and : Österreichische botanische Zeitschrift.
=588  \\$aDescription based on: Vol. 226, nos. 1/2 (Mar. 2001); title from contents screen (Springer LINK, viewed Mar. 1, 2004).
=588  \\$aLatest issue consulted: Vol. 298, no. 4 (Apr. 2012), viewed Apr. 17, 2012.
=515  \\$aAll issues to 2011 bear combined numbering (e.g., v. 226, no. 1/2, 3/4, etc.).
=540  \\$aCurrent copyright fee: GBP29.95$c22\1$5Uk
=650  \0$aPlant morphology$vPeriodicals.
=650  \0$aBotany$vPeriodicals.
=650  \0$aPlants$xEvolution$vPeriodicals.
=650  \6$aPlantes$xMorphologie$vPériodiques.
=650  \6$aBotanique$vPériodiques.
=650  \6$aPlantes$xÉvolution$vPériodiques.
=776  08$iPrint version:$tPlant systematics and evolution$x0378-2697
=780  10$tÖsterreichische botanische Zeitschrift (Online)
=856  \\$31850-9999$uhttp://www.springer.com/gb/$xBLDSS
=856  40$uhttp://firstsearch.oclc.org$zAddress for accessing the journal using authorization number and password through OCLC FirstSearch Electronic Collections Online
=856  40$uhttp://firstsearch.oclc.org/journal=0378-2697;screen=info;ECOIP$zAddress for accessing the journal from an authorized IP address through OCLC FirstSearch Electronic Collections Online
=856  40$uhttp://rave.ohiolink.edu/ejournals/issn/03782697/$zConnect to Plant systematics and evolution (Online)
=856  40$uhttp://www.springerlink.com/content/0378-2697/
=856  40$uhttp://www.springerlink.com/link.asp?id=104878
=859  \\$aXLD$bejournal
=852  41$aBritish Library$bDSC$j6523.640000$3Volume 204:number 3/4(1997)-Volume 304:Issue 4(2018)***See ESTAR for full holdings.
=945  \\$aPlant systematics and evolution
=959  \\$fHeld but not currently received
=979  \\$aBritish Library$bDSC$j6523.640000
=CAT  \\$a8335$b40$c20050204$lBLL01$h1548
=CAT  \\$aIPL-CLA$c20150331$lBLL01$h1638
=CAT  \\$aBATCH-UPD$b00$c20150520$lBLL01$h1809
=CAT  \\$aIPL-CLA$c20150630$lBLL01$h1646
=CAT  \\$aBATCH-UPD$b00$c20150820$lBLL01$h1854
=CAT  \\$aIPL-CLA$c20150930$lBLL01$h1806
=CAT  \\$aBATCH-UPD$b00$c20160217$lBLL01$h1746
=CAT  \\$aIPL-CLA$c20160331$lBLL01$h1727
=CAT  \\$aBATCH-UPD$b00$c20160518$lBLL01$h1244
=CAT  \\$aBATCH-UPD$b00$c20160524$lBLL01$h2210
=CAT  \\$aBATCH-UPD$b00$c20160824$lBLL01$h1814
=CAT  \\$aIPL-CLA$c20160930$lBLL01$h1603
=CAT  \\$aBATCH-UPD$b00$c20170216$lBLL01$h1902
=CAT  \\$aIPL-CLA$c20170331$lBLL01$h1844
=CAT  \\$aBATCH-UPD$b00$c20170904$lBLL01$h1914
=CAT  \\$aIPL-CLA$c20170929$lBLL01$h1729
=CAT  \\$aBATCH-UPD$b00$c20180223$lBLL01$h1746
=CAT  \\$aIPL-CLA$c20180331$lBLL01$h1620
=CAT  \\$aW1805-0475$c20180520$lBLL01$h1631
=CAT  \\$aBATCH-UPD$b00$c20180524$lBLL01$h1731
=CAT  \\$aIPL-CLA$c20180630$lBLL01$h1916
=CAT  \\$aW1908-0780$b00$c20200730$lBLL01$h1328
=CAT  \\$aCDS21$c20220118$lBLL01$h1105
=CAT  \\$aBATCH-UPD$b00$c20221121$lBLL01$h1400
=CAT  \\$a5410$b40$c20221214$lBLL01$h0820
=CAT  \\$aIPL-CLA$c20221231$lBLL01$h1446
=CFI  0\$aCurrent copyright fee: GBP29.95$c22\1$e01-jan-2023$fGBP29.95$g0$hP$5Uk
=CFI  2\$aPrevious copyright fee: GBP34.00$c22\1$e01-jul-2018$fGBP34.00$g0$hP$5Uk
=EST  \\$a1
=FFP  \\$aY$bBLDSS-3PM
=FIN  \\$aY$d20120417
=LKR  \\$aPAR$b007864332$lBLL01$r776$mPlant systematics and evolution (Online)$nPlant systematics and evolution (Print)
=MNI  \\$a0378-2697
=SID  \\$aZ39$bOCLC
=TCO  \\$aZZZ$c008
=TCO  \\$aXXX$c008
=TOC  \\$aETOC
=UNO  \\$aY
=ACF  \\$aPrevious copyright fee: GBP21.25$c23\6$e01-jan-2009$fGBP21.25$g0$hP$5Uk
=ACF  \\$aPrevious copyright fee: GBP16.75$c23\6$e01-jan-2007$fGBP16.75$g0$hP$5Uk
=ACF  \\$aPrevious copyright fee: GBP16.22$c23\6$e01-oct-2006$fGBP16.22$g0$hP$5Uk
=ACF  \\$aPrevious copyright fee: GBP17.14$c23\6$e01-apr-2006$fGBP17.14$g0$hP$5Uk
=ACF  \\$aPrevious copyright fee: GBP16.67$c23\6$e01-jan-2006$fGBP16.67$g0$hP$5Uk
=ACF  \\$aPrevious copyright fee: GBP16.22$c23\6$e01-apr-2005$fGBP16.22$g0$hP$5Uk
=ACF  \\$aPrevious copyright fee: GBP16.67$c23\6$e01-jan-2005$fGBP16.67$g0$hP$5Uk
=ACF  \\$aPrevious copyright fee: GBP22.00$c23\6$e01-apr-2009$fGBP22.00$g0$hP$5Uk
=ACF  \\$aPrevious copyright fee: GBP22.00$c23\6$e12-aug-2012$fGBP22.00$g0$hP$5Uk
=ACF  \\$aPrevious copyright fee: GBP25.00$c23\6$e01-jan-2013$fGBP25.00$g0$hP$5Uk
=ACF  \\$aPrevious copyright fee: GBP25.77$c23\6$e01-jul-2013$fGBP25.77$g0$hP$5Uk
=ACF  \\$aPrevious copyright fee: GBP24.97$c23\6$e01-jan-2014$fGBP24.97$g0$hP$5Uk
=ACF  \\$aPrevious copyright fee: GBP24.21$c23\6$e01-jul-2014$fGBP24.21$g0$hP$5Uk
=ACF  \\$aPrevious copyright fee: GBP25.77$c23\6$e01-apr-2015$fGBP25.77$g0$hP$5Uk
=ACF  \\$aPrevious copyright fee: GBP26.63$c23\6$e01-jul-2015$fGBP26.63$g0$hP$5Uk
=ACF  \\$aPrevious copyright fee: GBP25.77$c23\6$e01-oct-2015$fGBP25.77$g0$hP$5Uk
=ACF  \\$aPrevious copyright fee: GBP27.55$c23\6$e01-apr-2016$fGBP27.55$g0$hP$5Uk
=ACF  \\$aPrevious copyright fee: GBP29.59$c23\6$e01-oct-2016$fGBP29.59$g0$hP$5Uk
=ACF  \\$aPrevious copyright fee: GBP31.96$c23\6$e01-apr-2017$fGBP31.96$g0$hP$5Uk
=ACF  \\$aPrevious copyright fee: GBP30.73$c23\6$e01-oct-2017$fGBP30.73$g0$hP$5Uk
=ACF  \\$aPrevious copyright fee: GBP28.54$c23\6$e01-apr-2018$fGBP28.54$g0$hP$5Uk
=LAS  \\$aIPL-CLA$b00$c20221231$lBLL01$h1446

