=LDR  06666cas a2201429 a 4500
=001  013138698
=003  Uk
=005  20230310173806.0
=006  m\\\\\\\\d\\\\\\\\
=007  cr\cn|||||||||
=008  981014c19969999gw\qr\pso\\\\\0\\\a0eng\c
=FMT  \\$a  SE
=010  \\$asn 98004870
=022  0\$a1522-1709$l1520-9512$y1520-9512$26
=035  \\$a(OCoLC)40109922$z(OCoLC)60884097
=040  \\$aNSD$cNSD$dOCL$dOCLCQ$dNSD$dMYG$dOCLCQ$dMYG$dMUQ$dOCL$dOCLCQ$dNSD$dAGL$dKSU$dPFM$dOCLCQ$dBUF$dUk
=042  \\$aukblsr
=050  14$aRC547$b.S515
=060  \4$aW1$bSL5696
=070  0\$aRC547$b.S54
=072  \0$aX380
=082  04$a616.209$223
=130  0\$aSleep & breathing (Online)
=210  0\$aSleep breath.$b(Online)
=222  \0$aSleep & breathing$b(Online)
=245  10$aSleep & breathing$h[electronic resource] :$binternational journal of the science and practice of sleep medicine.
=246  3\$aSleep and breathing
=260  \\$31999-2004:$aNew York, N.Y. :$bThieme Medical Publishers
=260  3\$32005- :$aBerlin :$bSpringer Verlag
=310  \\$aQuarterly
=336  \\$atext$2rdacontent
=337  \\$acomputer$2rdamedia
=338  \\$aonline resource$2rdacarrier
=362  1\$aBegan with v. 1, no. 1 (Mar. 1996).
=588  \\$aDescription based on: Vol. 3, issue 1 (1999); title from title screen (viewed Apr. 28, 2003).
=588  \\$aLatest issue consulted: Vol. 16, no. 2 (June 2012) (SpringerLink, viewed May 1, 2012).
=540  \\$aCurrent copyright fee: GBP34.95$c22\1$5Uk
=650  \0$aSleep$vPeriodicals.
=650  \0$aSleep disorders$vPeriodicals.
=650  \0$aRespiratory organs$xDiseases$vPeriodicals.
=650  \0$aRespiration$vPeriodicals.
=650  02$aRespiration Disorders$vPeriodicals.
=650  02$aSleep Disorders$vPeriodicals.
=650  \6$aSommeil$xAspect physiologique$vPériodiques.
=650  \6$aSommeil, Troubles du$vPériodiques.
=710  2\$aAmerican Sleep Apnea Association.
=710  2\$aSleep Disorders Dental Society (U.S.)
=710  2\$aAmerican Academy of Dental Sleep Medicine.
=776  08$iPrint version:$tSleep & breathing$x1520-9512
=856  \\$31850-9999$uhttp://www.springer.com/gb/$xBLDSS
=856  40$uhttp://firstsearch.oclc.org/journal=1520-9512;screen=info;ECOIP$zAddress for accessing the journal from an authorized IP address through OCLC FirstSearch Electronic Collections Online
=856  40$uhttp://www.springerlink.com/content/112758/
=856  40$uhttp://www.springerlink.com/content/1520-9512/
=856  40$uhttp://www.springerlink.com/openurl.asp?genre=journal&issn=1520-9512
=856  40$uhttp://www.thieme-connect.com/ejournals/toc/sbr$z1999-2004:
=859  \\$aXLD$bejournal
=852  \\$aBritish Library$bDSC$j8309.445000$3Volume 2:Issue 4(1997)-Volume 22:Issue 1(2018)***See ESTAR for full holdings.
=945  \\$aSLEEP AND BREATHING.
=959  \\$fHeld but not currently received
=979  \\$aBritish Library$bDSC$j8309.445000
=979  \\$aBritish Library$bDSC$j8309.445000
=985  \\$aCONFERENCE ANALYTIC RECORDS EXIST
=CAT  \\$a7174$b40$c20050318$lBLL01$h1606
=CAT  \\$aIPL-CLA$c20160331$lBLL01$h1728
=CAT  \\$aBATCH-UPD$b00$c20160524$lBLL01$h2210
=CAT  \\$aBATCH-UPD$b00$c20160525$lBLL01$h0021
=CAT  \\$aBATCH-UPD$b00$c20160824$lBLL01$h1755
=CAT  \\$aIPL-CLA$c20160930$lBLL01$h1604
=CAT  \\$aBATCH-UPD$b00$c20170216$lBLL01$h1843
=CAT  \\$aIPL-CLA$c20170331$lBLL01$h1845
=CAT  \\$aBATCH-UPD$b00$c20170904$lBLL01$h1852
=CAT  \\$aIPL-CLA$c20170929$lBLL01$h1729
=CAT  \\$a5552$b40$c20171222$lBLL01$h1353
=CAT  \\$aIPL-CLA$c20171231$lBLL01$h1641
=CAT  \\$aBATCH-UPD$b00$c20180103$lBLL01$h0039
=CAT  \\$aW1805-0475$c20180520$lBLL01$h1632
=CAT  \\$aBATCH-UPD$b00$c20181126$lBLL01$h1131
=CAT  \\$aIPL-CLA$c20181231$lBLL01$h1541
=CAT  \\$aBATCH-UPD$b00$c20190314$lBLL01$h1522
=CAT  \\$a12654$b40$c20190606$lBLL01$h0901
=CAT  \\$a12654$b40$c20190606$lBLL01$h1155
=CAT  \\$a5552$b40$c20190709$lBLL01$h0819
=CAT  \\$aW1908-0780$b00$c20200730$lBLL01$h1329
=CAT  \\$a5552$b40$c20210824$lBLL01$h1350
=CAT  \\$aIPL-CLA$c20210930$lBLL01$h1528
=CAT  \\$aCDS21$c20220118$lBLL01$h1105
=CAT  \\$aBATCH-UPD$b00$c20221121$lBLL01$h1411
=CAT  \\$aIPL-CLA$c20221231$lBLL01$h1446
=CAT  \\$a5410$b40$c20230308$lBLL01$h1201
=CAT  \\$a5410$b40$c20230310$lBLL01$h1738
=CFI  0\$aCurrent copyright fee: GBP34.95$c22\1$e01-jan-2023$fGBP34.95$g0$hP$5Uk
=CFI  2\$aPrevious copyright fee: GBP43.00$c22\1$e01-oct-2021$fGBP43.00$g0$hP$5Uk
=EST  \\$a1
=FFP  \\$aY$bBLDSS-3PM
=FIN  \\$aY$d20120501
=LKR  \\$aPAR$b009877668$lBLL01$r776$mSleep and breathing (Online)$nSleep and breathing (Print)
=MNI  \\$a1520-9512
=SID  \\$aZ39$bOCLC
=TCO  \\$aZZZ$c008
=TCO  \\$aDEU$bVG WORT$c008
=TOC  \\$aETOC
=UNO  \\$aY
=ACF  \\$aPrevious copyright fee: GBP16.67$c22\3$e01-jan-2006$fGBP16.67$g0$hP$5Uk
=ACF  \\$aPrevious copyright fee: GBP16.22$c22\3$e01-apr-2005$fGBP16.22$g0$hP$5Uk
=ACF  \\$aPrevious Copyright Fee: GBP16.67$c22\3$e18-mar-2005$fGBP16.67$g0$hP$5Uk
=ACF  \\$aPrevious copyright fee: GBP17.14$c22\3$e01-apr-2006$fGBP17.14$g0$hP$5Uk
=ACF  \\$aPrevious copyright fee: GBP22.00$c22\3$e12-aug-2012$fGBP22.00$g0$hP$5Uk
=ACF  \\$aPrevious copyright fee: GBP25.00$c22\3$e01-jan-2013$fGBP25.00$g0$hP$5Uk
=ACF  \\$aPrevious copyright fee: GBP25.77$c22\3$e01-jul-2013$fGBP25.77$g0$hP$5Uk
=ACF  \\$aPrevious copyright fee: GBP24.97$c22\3$e01-jan-2014$fGBP24.97$g0$hP$5Uk
=ACF  \\$aPrevious copyright fee: GBP24.21$c22\3$e01-jul-2014$fGBP24.21$g0$hP$5Uk
=ACF  \\$aPrevious copyright fee: GBP25.77$c22\3$e01-apr-2015$fGBP25.77$g0$hP$5Uk
=ACF  \\$aPrevious copyright fee: GBP26.63$c22\3$e01-jul-2015$fGBP26.63$g0$hP$5Uk
=ACF  \\$aPrevious copyright fee: GBP25.77$c22\3$e01-oct-2015$fGBP25.77$g0$hP$5Uk
=ACF  \\$aPrevious copyright fee: GBP27.55$c22\3$e01-apr-2016$fGBP27.55$g0$hP$5Uk
=ACF  \\$aPrevious copyright fee: GBP29.59$c22\3$e01-oct-2016$fGBP29.59$g0$hP$5Uk
=ACF  \\$aPrevious copyright fee: GBP31.96$c22\3$e01-apr-2017$fGBP31.96$g0$hP$5Uk
=ACF  \\$aPrevious copyright fee: GBP30.73$c22\3$e01-oct-2017$fGBP30.73$g0$hP$5Uk
=ACF  \\$aPrevious copyright fee: GBP39.00$c49\0$e01-jan-2019$fGBP39.00$g0$hP$5Uk
=ACF  \\$aPrevious copyright fee: GBP37.00$c49\0$e01-jan-2018$fGBP37.00$g0$hP$5Uk
=ACF  \\$aPrevious copyright fee: GBP34.00$c22\1$e06-jun-2019$fGBP34.00$g0$hP$5Uk
=LAS  \\$a5410$b40$c20230310$lBLL01$h1738

