=LDR  06390cas a2201309 a 4500
=001  013244287
=003  Uk
=005  20230425085225.0
=006  m\\\\\\\\d\\\\\\\\
=007  cr\cnu||||||||
=008  060202c20059999ja\fx\poo\\\\\0\\\a0eng\d
=FMT  \\$a  SE
=010  \\$a2006265106
=022  \\$a1860-188X$y1860-1871
=035  \\$a(OCoLC)63269416
=040  \\$aCSO$cCSO$dCSO$dCUS$dOCL$dRUQBL$dTXA$dUk
=042  \\$aukblsr
=050  14$aQH75.A1$bL358
=082  04$a577$223
=130  0\$aLandscape and ecological engineering (Online)
=210  0\$aLandsc. ecol. eng.$b(Internet)
=222  \0$aLandscape and ecological engineering$b(Internet)
=245  10$aLandscape and ecological engineering$h[electronic resource].
=260  \\$aTokyo :$bSpringer-Verlag,$c2005-
=310  \\$aTwo no. a year
=336  \\$atext$2rdacontent
=337  \\$acomputer$2rdamedia
=338  \\$aonline resource$2rdacarrier
=362  1\$aBegan with: Vol. 1, no. 1 (May 2005).
=588  \\$aDescription based on: Vol. 1, no. 1 (May 2005); title from issue table of contents (SpringerLink, viewed Oct. 8, 2010).
=588  \\$aLatest issue consulted: Vol. 8, no. 1 (Jan. 2012) (viewed June 6, 2012).
=550  \\$aPublication of the International Consortium of Landscape and Ecological Engineering (ICLEE).
=540  \\$aCurrent copyright fee: GBP29.95$c22\1$5Uk
=650  \0$aLandscape protection$vPeriodicals.
=650  \0$aNature conservation$vPeriodicals.
=650  \0$aEcology$vPeriodicals.
=650  \0$aLandscape architecture$vPeriodicals.
=650  \0$aLandscape gardening$vPeriodicals.
=650  \6$aGénie écologique$vPériodiques.
=650  \6$aPaysage$xProtection$vPériodiques.
=650  \6$aNature$xConservation$vPériodiques.
=650  \6$aAméliorations foncières$vpériodiques.
=710  2\$aInternational Consortium of Landscape and Ecological Engineering.
=776  08$iPrint version:$tLandscape and ecological engineering$x1860-1871
=856  \\$31850-9999$uhttp://www.springer.com/gb/$xBLDSS
=856  40$uhttp://firstsearch.oclc.org$zAddress for accessing the journal using authorization number and password through OCLC FirstSearch Electronic Collections Online
=856  40$uhttp://firstsearch.oclc.org/journal=1860-1871;screen=info;ECOIP$zAddress for accessing the journal from an authorized IP address through OCLC FirstSearch Electronic Collections Online
=856  40$uhttp://www.springerlink.com/content/1860-1871/
=856  40$uhttp://www.springerlink.com/openurl.asp?genre=journal&issn=1860-1871
=859  \\$aXLD$bejournal
=852  \\$aBritish Library$bDSC$j5153.128000$3Volume 1:Issue 1(2005)-Volume 14:Issue 1(2018)***See ESTAR for full holdings.
=945  \\$aLandscape and ecological engineering
=959  \\$fHeld but not currently received
=979  \\$aBritish Library$bDSC$j5153.128000
=CAT  \\$a7174$b40$c20050704$lBLL01$h1436
=CAT  \\$aBATCH-UPD$b00$c20150219$lBLL01$h1805
=CAT  \\$aIPL-CLA$c20150331$lBLL01$h1640
=CAT  \\$aBATCH-UPD$b00$c20150520$lBLL01$h1805
=CAT  \\$aIPL-CLA$c20150630$lBLL01$h1648
=CAT  \\$aBATCH-UPD$b00$c20150820$lBLL01$h1851
=CAT  \\$aIPL-CLA$c20150930$lBLL01$h1808
=CAT  \\$aBATCH-UPD$b00$c20160217$lBLL01$h1743
=CAT  \\$aIPL-CLA$c20160331$lBLL01$h1729
=CAT  \\$aBATCH-UPD$b00$c20160524$lBLL01$h2210
=CAT  \\$aBATCH-UPD$b00$c20160525$lBLL01$h0022
=CAT  \\$aBATCH-UPD$b00$c20160824$lBLL01$h1809
=CAT  \\$aIPL-CLA$c20160930$lBLL01$h1605
=CAT  \\$aBATCH-UPD$b00$c20170216$lBLL01$h1858
=CAT  \\$aIPL-CLA$c20170331$lBLL01$h1846
=CAT  \\$aBATCH-UPD$b00$c20170904$lBLL01$h1909
=CAT  \\$aIPL-CLA$c20170929$lBLL01$h1730
=CAT  \\$aBATCH-UPD$b00$c20180223$lBLL01$h1742
=CAT  \\$aIPL-CLA$c20180331$lBLL01$h1621
=CAT  \\$aW1805-0475$c20180520$lBLL01$h1632
=CAT  \\$aBATCH-UPD$b00$c20180524$lBLL01$h1727
=CAT  \\$aIPL-CLA$c20180630$lBLL01$h1917
=CAT  \\$aW1908-0780$b00$c20200730$lBLL01$h1329
=CAT  \\$aCDS21$c20220118$lBLL01$h1105
=CAT  \\$aBATCH-UPD$b00$c20221121$lBLL01$h1400
=CAT  \\$aIPL-CLA$c20221231$lBLL01$h1446
=CAT  \\$a5410$b40$c20230425$lBLL01$h0852
=CFI  0\$aCurrent copyright fee: GBP29.95$c22\1$e01-jan-2023$fGBP29.95$g0$hP$5Uk
=CFI  2\$aPrevious copyright fee: GBP34.00$c22\1$e01-jul-2018$fGBP34.00$g0$hP$5Uk
=EST  \\$a1
=FFP  \\$aY$bBLDSS-3PM
=FIN  \\$aY$d20120606
=MNI  \\$a1860-1871
=SID  \\$aZ39$bOCLC
=TCO  \\$aJPN$bJAACC$c008
=TOC  \\$aETOC
=UNO  \\$aY
=ACF  \\$aPrevious copyright fee: GBP21.25$c23\3$e01-jan-2009$fGBP21.25$g0$hP$5Uk
=ACF  \\$aPrevious copyright fee: GBP16.75$c23\3$e01-jan-2007$fGBP16.75$g0$hP$5Uk
=ACF  \\$aPrevious copyright fee: GBP16.22$c23\3$e01-oct-2006$fGBP16.22$g0$hP$5Uk
=ACF  \\$aPrevious copyright fee: GBP17.14$c23\3$e01-apr-2006$fGBP17.14$g0$hP$5Uk
=ACF  \\$aPrevious copyright fee: GBP16.67$c23\3$e01-jan-2006$fGBP16.67$g0$hP$5Uk
=ACF  \\$aPrevious copyright fee: GBP16.22$c23\3$e04-jul-2005$fGBP16.22$g0$hP$5Uk
=ACF  \\$aPrevious copyright fee: GBP22.00$c23\3$e01-apr-2009$fGBP22.00$g0$hP$5Uk
=ACF  \\$aPrevious copyright fee: GBP22.00$c23\3$e12-aug-2012$fGBP22.00$g0$hP$5Uk
=ACF  \\$aPrevious copyright fee: GBP25.00$c23\3$e01-jan-2013$fGBP25.00$g0$hP$5Uk
=ACF  \\$aPrevious copyright fee: GBP25.77$c23\3$e01-jul-2013$fGBP25.77$g0$hP$5Uk
=ACF  \\$aPrevious copyright fee: GBP24.97$c23\3$e01-jan-2014$fGBP24.97$g0$hP$5Uk
=ACF  \\$aPrevious copyright fee: GBP24.21$c23\3$e01-jul-2014$fGBP24.21$g0$hP$5Uk
=ACF  \\$aPrevious copyright fee: GBP25.77$c23\3$e01-apr-2015$fGBP25.77$g0$hP$5Uk
=ACF  \\$aPrevious copyright fee: GBP26.63$c23\3$e01-jul-2015$fGBP26.63$g0$hP$5Uk
=ACF  \\$aPrevious copyright fee: GBP25.77$c23\3$e01-oct-2015$fGBP25.77$g0$hP$5Uk
=ACF  \\$aPrevious copyright fee: GBP27.55$c23\3$e01-apr-2016$fGBP27.55$g0$hP$5Uk
=ACF  \\$aPrevious copyright fee: GBP29.59$c23\3$e01-oct-2016$fGBP29.59$g0$hP$5Uk
=ACF  \\$aPrevious copyright fee: GBP31.96$c23\3$e01-apr-2017$fGBP31.96$g0$hP$5Uk
=ACF  \\$aPrevious copyright fee: GBP30.73$c23\3$e01-oct-2017$fGBP30.73$g0$hP$5Uk
=ACF  \\$aPrevious copyright fee: GBP28.54$c23\3$e01-apr-2018$fGBP28.54$g0$hP$5Uk
=LAS  \\$a5410$b40$c20230425$lBLL01$h0852

