=LDR  05291cas a2201165 a 4500
=001  013250314
=003  Uk
=005  20221231144626.0
=006  m\\\\\\\\d\\\\\\\\
=007  cr\mnu||||||||
=008  021216c20019999gw\bx\pso\\\\\0\\\\0eng\c
=FMT  \\$a  SE
=010  \\$a2006233215
=022  \\$a1618-1476$l1616-5047$y1616-5047
=035  \\$a(OCoLC)51231994
=040  \\$aF#A$cF#A$dOCLCQ$dMUQ$dOCLCS$dDLC$dGUA$dUQ1$dVRC$dOCLCQ$dUk
=041  0\$aeng$ager
=042  \\$aukblsr
=050  14$aQL700
=082  04$a599$223
=130  0\$aMammalian biology (Online)
=222  \0$aMammalian biology$b(Internet)
=245  10$aMammalian biology$h[electronic resource] =$bZeitschrift für Säugetierkunde.
=246  31$aZeitschrift für Säugetierkunde
=260  \\$a[Jena, Switzerland] :$bUrban & Fischer
=260  3\$a[S.l.] :$bElsevier
=310  \\$aSix no. a year
=336  \\$atext$2rdacontent
=337  \\$acomputer$2rdamedia
=338  \\$aonline resource$2rdacarrier
=362  1\$aPrint began with 66, 1 (2001).
=588  \\$aDescription based on: Vol. 67, issue 1 (2002); title from table of contents screen (ScienceDirect, viewed Aug. 1, 2006).
=588  \\$aLatest issue consulted: Vol. 76, issue 6 (Nov. 2011), viewed Oct. 11, 2011.
=525  \\$aHas supplements.
=538  \\$aMode of access: World Wide Web.
=546  \\$aArticles in English or German; summaries in English.
=550  \\$aEdited by: Deutsche Gesellschaft für Säugetierkunde (German Society for Mammalogy).
=540  \\$aCurrent copyright fee: GBP29.95$c22\1$5Uk
=650  \0$aMammals$vPeriodicals.
=650  \6$aMammifères$vPériodiques.
=650  17$aMammifère$2rasuqam
=655  \7$aRessource Internet (Descripteur de forme)$2rasuqam
=655  \7$aPériodique électronique (Descripteur de forme)$2rasuqam
=710  2\$aDeutsche Gesellschaft für Säugetierkunde.
=776  08$iPrint version:$tMammalian biology$x1616-5047
=859  \\$aXLD$bejournal
=856  \\$31850-9999$uhttp://link.springer.com/$xBLDSS
=856  40$uhttp://firstsearch.oclc.org$zAddress for accessing the journal using authorization number and password through OCLC FirstSearch Electronic Collections Online
=856  40$uhttp://firstsearch.oclc.org/journal=1616-5047;screen=info;ECOIP$zAddress for accessing the journal from an authorized IP address through OCLC FirstSearch Electronic Collections Online
=856  40$uhttp://www.sciencedirect.com/science/journal/16165047
=852  \\$aBritish Library$bDSC$j5357.250000$3Volume 67:Issue 1(2002)-Volume 79:Issue 6(2014)***See ESTAR for full holdings.
=945  \\$aMAMMALIAN BIOLOGY.
=959  \\$fHeld but not currently received
=CAT  \\$a7174$b40$c20050712$lBLL01$h1619
=CAT  \\$aBATCH-CLA$b00$c20121109$lBLL01$h1728
=CAT  \\$aBATCH-UPD$b00$c20121121$lBLL01$h1657
=CAT  \\$aIPL-CLA$c20121231$lBLL01$h1316
=CAT  \\$aIPL-CLA$c20130102$lBLL01$h1739
=CAT  \\$aBATCH-UPD$b00$c20140924$lBLL01$h0926
=CAT  \\$aBLDSS-3PM$b00$c20141222$lBLL01$h1714
=CAT  \\$aCDS15-UPD$b40$c20150313$lBLL01$h1910
=CAT  \\$aBATCH-UPD$b40$c20170304$lBLL01$h1158
=CAT  \\$aBATCH-UPD$b40$c20171121$lBLL01$h1745
=CAT  \\$aIPL-CLA$c20171231$lBLL01$h1644
=CAT  \\$aBATCH-UPD$b00$c20190521$lBLL01$h1436
=CAT  \\$aIPL-CLA$c20190630$lBLL01$h1534
=CAT  \\$a5552$b40$c20191129$lBLL01$h1159
=CAT  \\$aIPL-CLA$c20191231$lBLL01$h1934
=CAT  \\$aDEL-3PM$c20200108$lBLL01$h0853
=CAT  \\$aBATCH-CLA$b00$c20200325$lBLL01$h1249
=CAT  \\$aIPL-CLA$c20200331$lBLL01$h1614
=CAT  \\$aW1908-0780$b00$c20200730$lBLL01$h1329
=CAT  \\$a5552$b40$c20200819$lBLL01$h0908
=CAT  \\$aBATCH-UNOA$c20200825$lBLL01$h2105
=CAT  \\$aBLDSS-3PM$b00$c20200828$lBLL01$h1100
=CAT  \\$aBATCH-UPD$b00$c20200828$lBLL01$h1100
=CAT  \\$aCDS21$c20220118$lBLL01$h1105
=CAT  \\$aBATCH-UPD$b00$c20221121$lBLL01$h1400
=CAT  \\$aIPL-CLA$c20221231$lBLL01$h1446
=CFI  0\$aCurrent copyright fee: GBP29.95$c22\1$e01-jan-2023$fGBP29.95$g0$hP$5Uk
=CFI  2\$aPrevious copyright fee: GBP34.00$c22\1$e19-aug-2020$fGBP34.00$g0$hP$5Uk
=EST  \\$a1
=FFP  \\$aY$bBLDSS-3PM
=FIN  \\$aY$d20111011
=LKR  \\$aPAR$b011132379$lBLL01$r776$mMammalian biology (Online)$nMAMMALIAN BIOLOGY.
=MNI  \\$a1616-5047
=SID  \\$aZ39$bOCLC
=TCO  \\$aDEU$bVG WORT$c008
=TOC  \\$aETOC
=UNO  \\$aY
=ACF  \\$aPrevious copyright fee: GBP19.00$c5\1$e01-jan-2008$fGBP19.00$g0$hP$5Uk
=ACF  \\$aPrevious Copyright Fee: GBP18.00$c5\1$e12-jul-2005$fGBP18.00$g0$hP$5Uk
=ACF  \\$aPrevious copyright fee: GBP20.00$c5\1$e01-jan-2009$fGBP20.00$g0$hP$5Uk
=ACF  \\$aPrevious copyright fee: GBP21.00$c5\1$e01-jan-2012$fGBP21.00$g0$hP$5Uk
=ACF  \\$aPrevious copyright fee: GBP22.50$c5\1$e01-jan-2013$fGBP22.50$g0$hP$5Uk
=ACF  \\$aPrevious copyright fee: GBP23.40$c5\1$e01-jan-2018$fGBP23.40$g0$hP$5Uk
=ACF  \\$aPrevious copyright fee: GBP32.84$c5\1$e01-jul-2019$fGBP32.84$g0$hP$5Uk
=ACF  \\$aPrevious Copyright Fee: GBP29.95$c0$e01-apr-2020$fGBP29.95$g0$hC$5Uk
=ACF  \\$aPrevious Copyright Fee: GBP20.00$c0$e01-jan-2020$fGBP20.00$g0$hA$5Uk
=LAS  \\$aIPL-CLA$b00$c20221231$lBLL01$h1446

