=LDR  05605cas a2201225 a 4500
=001  013266331
=003  Uk
=005  20230305111819.0
=006  m\\\\\\\\d\\\\\\\\
=007  cr\mnu||||||||
=008  000224c19979999gw\qr\pss\\\\\0\\\a0eng\c
=FMT  \\$a  SE
=010  \\$a  2008233210
=022  \\$a1611-7530$y1431-7613
=030  \\$aTHBIFM
=035  \\$a(OCoLC)43519090
=040  \\$aOCoLC$cOCoLC$dOCoLC$dCaQMU$dCoU-M$dCaQMUQ$dGU$dStGIU$dGU$dWaSeSS$dOCoLC$dUk
=042  \\$aukblsr
=050  14$aQH301
=060  00$aW1$bBI818
=082  04$a570$222
=130  0\$aTheory in biosciences (Online)
=210  0\$aTheory biosci.$b(Internet)
=222  \0$aTheory in biosciences$b(Internet)
=245  10$aTheory in biosciences$h[electronic resource].
=260  \\$a[Jena :$bG. Fischer]
=260  3\$32000-$aBerlin :$bSpringer
=310  \\$aQuarterly
=336  \\$atext$2rdacontent
=337  \\$acomputer$2rdamedia
=338  \\$aonline resource$2rdacarrier
=362  1\$aPrint began with vol. 116, 1 (Mar. 1997).
=500  \\$aDescription based on: Vol. 118, no. 1 (1999); title from journal information screen (viewed Feb. 21, 2000).
=500  \\$aLatest issue consulted: Vol. 129, no. 4 (Dec. 2010) (SpringerLink, viewed Oct. 26, 2010).
=515  \\$aSome issues combined.
=538  \\$aMode of access: World Wide Web.
=540  \\$aCurrent copyright fee: GBP29.95$c22\1$5Uk
=650  \0$aBiology$vPeriodicals.
=650  \0$aLife sciences$vPeriodicals.
=650  \0$aLife sciences$xMethodology$vPeriodicals.
=776  08$iPrint version:$tTheory in biosciences$x1431-7613
=856  \\$31850-9999$uhttp://www.springer.com/gb/$xBLDSS
=856  4\$uhttp://firstsearch.oclc.org$zAddress for accessing the journal using authorization number and password through OCLC FirstSearch Electronic Collections Online
=856  40$uhttp://www.springerlink.com/content/120616/
=856  40$uhttp://www.sciencedirect.com/science/journal/14317613$zFull text available from ScienceDirect Elsevier Science Journals: from 01/01/2000 to present
=859  \\$aXLD$bejournal
=852  \\$aBritish Library$bDSC$j8814.630200$3Volume 119:Issue 1(2000)-Volume 136:Issue 3/4(2017)***See ESTAR for full holdings.
=945  \\$aTheory in biosciences
=959  \\$fHeld but not currently received
=979  \\$aBritish Library$bDSC$j8814.630200
=CAT  \\$a7174$b40$c20050803$lBLL01$h1553
=CAT  \\$aIPL-CLA$c20150331$lBLL01$h1641
=CAT  \\$aBATCH-UPD$b00$c20150520$lBLL01$h1743
=CAT  \\$aIPL-CLA$c20150630$lBLL01$h1648
=CAT  \\$aBATCH-UPD$b00$c20150820$lBLL01$h1830
=CAT  \\$aIPL-CLA$c20150930$lBLL01$h1809
=CAT  \\$aBATCH-UPD$b00$c20160217$lBLL01$h1720
=CAT  \\$aIPL-CLA$c20160331$lBLL01$h1729
=CAT  \\$aBATCH-UPD$b00$c20160520$lBLL01$h0840
=CAT  \\$aBATCH-UPD$b00$c20160524$lBLL01$h2210
=CAT  \\$aBATCH-UPD$b00$c20160824$lBLL01$h1748
=CAT  \\$aIPL-CLA$c20160930$lBLL01$h1605
=CAT  \\$aBATCH-UPD$b00$c20170216$lBLL01$h1836
=CAT  \\$aIPL-CLA$c20170331$lBLL01$h1846
=CAT  \\$aBATCH-UPD$b00$c20170904$lBLL01$h1844
=CAT  \\$aIPL-CLA$c20170929$lBLL01$h1730
=CAT  \\$aBATCH-UPD$b00$c20180223$lBLL01$h1703
=CAT  \\$aIPL-CLA$c20180331$lBLL01$h1622
=CAT  \\$aW1805-0475$c20180520$lBLL01$h1632
=CAT  \\$aBATCH-UPD$b00$c20180524$lBLL01$h1708
=CAT  \\$aIPL-CLA$c20180630$lBLL01$h1917
=CAT  \\$aW1908-0780$b00$c20200730$lBLL01$h1329
=CAT  \\$a5410$b40$c20210921$lBLL01$h1005
=CAT  \\$aCDS21$c20220118$lBLL01$h1105
=CAT  \\$aBATCH-UPD$b00$c20221121$lBLL01$h1400
=CAT  \\$aIPL-CLA$c20221231$lBLL01$h1446
=CAT  \\$a5410$b40$c20230305$lBLL01$h1118
=CFI  0\$aCurrent copyright fee: GBP29.95$c22\1$e01-jan-2023$fGBP29.95$g0$hP$5Uk
=CFI  2\$aPrevious copyright fee: GBP34.00$c22\1$e01-jul-2018$fGBP34.00$g0$hP$5Uk
=EST  \\$a1
=FFP  \\$aY$bBLDSS-3PM
=FIN  \\$aY$d20101026
=MNI  \\$a1431-7613
=SRC  \\$aBLL02
=TCO  \\$aDEU$bVG WORT$c008
=TOC  \\$aETOC
=UNO  \\$aY
=ACF  \\$aPrevious copyright fee: GBP20.00$c5\1$e01-jan-2009$fGBP20.00$g0$hP$5Uk
=ACF  \\$aPrevious copyright fee: GBP19.00$c5\1$e01-jan-2008$fGBP19.00$g0$hP$5Uk
=ACF  \\$aPrevious Copyright Fee: GBP18.00$c5\1$e03-aug-2005$fGBP18.00$g0$hP$5Uk
=ACF  \\$aPrevious copyright fee: GBP22.00$c22\1$e16-apr-2010$fGBP22.00$g0$hP$5Uk
=ACF  \\$aPrevious copyright fee: GBP22.00$c22\1$e12-aug-2012$fGBP22.00$g0$hP$5Uk
=ACF  \\$aPrevious copyright fee: GBP25.00$c22\1$e01-jan-2013$fGBP25.00$g0$hP$5Uk
=ACF  \\$aPrevious copyright fee: GBP25.77$c22\1$e01-jul-2013$fGBP25.77$g0$hP$5Uk
=ACF  \\$aPrevious copyright fee: GBP24.97$c22\1$e01-jan-2014$fGBP24.97$g0$hP$5Uk
=ACF  \\$aPrevious copyright fee: GBP24.21$c22\1$e01-jul-2014$fGBP24.21$g0$hP$5Uk
=ACF  \\$aPrevious copyright fee: GBP25.77$c22\1$e01-apr-2015$fGBP25.77$g0$hP$5Uk
=ACF  \\$aPrevious copyright fee: GBP26.63$c22\1$e01-jul-2015$fGBP26.63$g0$hP$5Uk
=ACF  \\$aPrevious copyright fee: GBP25.77$c22\1$e01-oct-2015$fGBP25.77$g0$hP$5Uk
=ACF  \\$aPrevious copyright fee: GBP27.55$c22\1$e01-apr-2016$fGBP27.55$g0$hP$5Uk
=ACF  \\$aPrevious copyright fee: GBP29.59$c22\1$e01-oct-2016$fGBP29.59$g0$hP$5Uk
=ACF  \\$aPrevious copyright fee: GBP31.96$c22\1$e01-apr-2017$fGBP31.96$g0$hP$5Uk
=ACF  \\$aPrevious copyright fee: GBP30.73$c22\1$e01-oct-2017$fGBP30.73$g0$hP$5Uk
=ACF  \\$aPrevious copyright fee: GBP28.54$c22\1$e01-apr-2018$fGBP28.54$g0$hP$5Uk
=LAS  \\$a5410$b40$c20230305$lBLL01$h1118

