=LDR  06230cas a2201285 a 4500
=001  013378233
=003  Uk
=005  20230506150505.0
=006  m\\\\\\\\d\\\\\\\\
=007  cr\mnu||||||||
=008  050614c20069999ne\qx\pso\\\\\0\\\a0eng\c
=FMT  \\$a  SE
=010  \\$a2006256012
=016  7\$a2237680-X$2DE-600
=016  7\$a979982278$2DE-101
=022  \\$a1871-1510$y1871-1502
=035  \\$a(OCoLC)65933801$z(OCoLC)173395237$z(OCoLC)173411313$z(OCoLC)173421214$z(OCoLC)225211721
=040  \\$aNLGGC$beng$cNLGGC$dRBN$dOCL$dUQ1$dOCLCQ$dDEBBG$dGBT$dAU@$dIUL$dGWDNB$dOCLCQ$dUk
=042  \\$aukblsr
=050  14$aQ181
=082  04$a507.1$223
=130  0\$aCultural studies of science education (Online)
=222  \0$aCultural studies of science education$b(Online)
=245  10$aCultural studies of science education$h[electronic resource].
=246  13$aCSSE
=260  \\$a[Dordrecht] :$bSpringer,$c2006-
=310  \\$aFour no. a year
=336  \\$atext$2rdacontent
=337  \\$acomputer$2rdamedia
=338  \\$aonline resource$2rdacarrier
=362  0\$aVol. 1, no. 1 (Jan. 2006)-
=588  \\$aTitle from table of contents page (viewed May 5, 2006, Springer).
=588  \\$aLatest issue consulted: Vol. 7, no. 2 (June 2012) (SpringerLink, viewed July 3, 2012).
=530  \\$aAlso issued in print.
=540  \\$aCurrent copyright fee: GBP29.95$c22\1$5Uk
=650  \0$aScience$xStudy and teaching$vPeriodicals.
=650  \0$aEducation$xExperimental methods$vPeriodicals.
=650  \7$aEnseignement des sciences.$2rasuqam
=650  \7$aEnseignement expérimental.$2rasuqam
=655  \0$aElectronic journals.
=655  \7$aRessource Internet (Descripteur de forme)$2rasuqam
=655  \7$aPériodique électronique (Descripteur de forme)$2rasuqam
=776  1\$tCultural studies of science education$x1871-1502
=856  \\$31850-9999$uhttp://www.springer.com/gb/$xBLDSS
=856  40$uhttp://firstsearch.oclc.org$zAddress for accessing the journal using authorization number and password through OCLC FirstSearch Electronic Collections Online
=856  40$uhttp://firstsearch.oclc.org/journal=1871-1502;screen=info;ECOIP$zAddress for accessing the journal from an authorized IP address through OCLC FirstSearch Electronic Collections Online
=856  40$uhttp://www.springerlink.com/content/1871-1502/
=856  40$uhttp://www.springerlink.com/openurl.asp?genre=journal&issn=1871-1502
=859  \\$aXLD$bejournal
=852  \\$aBritish Library$bDSC$j3491.668443$3Volume 1:Issue 1(2006)-Volume 12:Issue 4(2017)***See ESTAR for full holdings.
=945  \\$aCultural studies of science education
=959  \\$fHeld but not currently received
=979  \\$aBritish Library$bDSC$j3491.668443
=CAT  \\$a7174$b40$c20060113$lBLL01$h1230
=CAT  \\$aBATCH-UPD$b00$c20150219$lBLL01$h1743
=CAT  \\$aIPL-CLA$c20150331$lBLL01$h1642
=CAT  \\$aBATCH-UPD$b00$c20150520$lBLL01$h1750
=CAT  \\$aIPL-CLA$c20150630$lBLL01$h1649
=CAT  \\$aBATCH-UPD$b00$c20150820$lBLL01$h1837
=CAT  \\$aIPL-CLA$c20150930$lBLL01$h1811
=CAT  \\$aBATCH-UPD$b00$c20160217$lBLL01$h1727
=CAT  \\$aIPL-CLA$c20160331$lBLL01$h1732
=CAT  \\$aBATCH-UPD$b00$c20160524$lBLL01$h2210
=CAT  \\$aBATCH-UPD$b00$c20160525$lBLL01$h0023
=CAT  \\$aBATCH-UPD$b00$c20160824$lBLL01$h1755
=CAT  \\$aIPL-CLA$c20160930$lBLL01$h1606
=CAT  \\$aBATCH-UPD$b00$c20170216$lBLL01$h1843
=CAT  \\$aIPL-CLA$c20170331$lBLL01$h1847
=CAT  \\$aBATCH-UPD$b00$c20170904$lBLL01$h1852
=CAT  \\$aIPL-CLA$c20170929$lBLL01$h1732
=CAT  \\$aBATCH-UPD$b00$c20180223$lBLL01$h1721
=CAT  \\$aIPL-CLA$c20180331$lBLL01$h1623
=CAT  \\$aW1805-0475$c20180520$lBLL01$h1632
=CAT  \\$aBATCH-UPD$b00$c20180524$lBLL01$h1714
=CAT  \\$aIPL-CLA$c20180630$lBLL01$h1918
=CAT  \\$aW1908-0780$b00$c20200730$lBLL01$h1329
=CAT  \\$aCDS21$c20220118$lBLL01$h1105
=CAT  \\$aBATCH-UPD$b00$c20221121$lBLL01$h1400
=CAT  \\$aIPL-CLA$c20221231$lBLL01$h1447
=CAT  \\$a5410$b40$c20230506$lBLL01$h1505
=CFI  0\$aCurrent copyright fee: GBP29.95$c22\1$e01-jan-2023$fGBP29.95$g0$hP$5Uk
=CFI  2\$aPrevious copyright fee: GBP34.00$c22\1$e01-jul-2018$fGBP34.00$g0$hP$5Uk
=EST  \\$a1
=FFP  \\$aY$bBLDSS-3PM
=FIN  \\$aY$d20120703
=LKR  \\$aPAR$b013396768$lBLL01$nCultural studies of science education (Print)$mCultural studies of science education (Online)$r776
=MNI  \\$a1871-1502
=SID  \\$aZ39$bOCLC
=TCO  \\$aDEU$bVG WORT$c008
=TOC  \\$aETOC
=UNO  \\$aY
=ACF  \\$aPrevious copyright fee: GBP21.25$c22\3$e01-jan-2009$fGBP21.25$g0$hP$5Uk
=ACF  \\$aPrevious Copyright Fee: GBP16.75$c22\3$e23-feb-2007$fGBP16.75$g0$hP$5Uk
=ACF  \\$aPrevious copyright fee: GBP17.14$c22\3$e01-apr-2006$fGBP17.14$g0$hP$5Uk
=ACF  \\$aPrevious copyright fee: GBP16.67$c22\3$e13-jan-2006$fGBP16.67$g0$hP$5Uk
=ACF  \\$aPrevious copyright fee: GBP22.00$c22\3$e01-apr-2009$fGBP22.00$g0$hP$5Uk
=ACF  \\$aPrevious copyright fee: GBP22.00$c22\3$e12-aug-2012$fGBP22.00$g0$hP$5Uk
=ACF  \\$aPrevious copyright fee: GBP25.00$c22\3$e01-jan-2013$fGBP25.00$g0$hP$5Uk
=ACF  \\$aPrevious copyright fee: GBP25.77$c22\3$e01-jul-2013$fGBP25.77$g0$hP$5Uk
=ACF  \\$aPrevious copyright fee: GBP24.97$c22\3$e01-jan-2014$fGBP24.97$g0$hP$5Uk
=ACF  \\$aPrevious copyright fee: GBP24.21$c22\3$e01-jul-2014$fGBP24.21$g0$hP$5Uk
=ACF  \\$aPrevious copyright fee: GBP25.77$c22\3$e01-apr-2015$fGBP25.77$g0$hP$5Uk
=ACF  \\$aPrevious copyright fee: GBP26.63$c22\3$e01-jul-2015$fGBP26.63$g0$hP$5Uk
=ACF  \\$aPrevious copyright fee: GBP25.77$c22\3$e01-oct-2015$fGBP25.77$g0$hP$5Uk
=ACF  \\$aPrevious copyright fee: GBP27.55$c22\3$e01-apr-2016$fGBP27.55$g0$hP$5Uk
=ACF  \\$aPrevious copyright fee: GBP29.59$c22\3$e01-oct-2016$fGBP29.59$g0$hP$5Uk
=ACF  \\$aPrevious copyright fee: GBP31.96$c22\3$e01-apr-2017$fGBP31.96$g0$hP$5Uk
=ACF  \\$aPrevious copyright fee: GBP30.73$c22\3$e01-oct-2017$fGBP30.73$g0$hP$5Uk
=ACF  \\$aPrevious copyright fee: GBP28.54$c22\3$e01-apr-2018$fGBP28.54$g0$hP$5Uk
=LAS  \\$a5410$b40$c20230506$lBLL01$h1505

