=LDR  06164cas a2201309 a 4500
=001  013393158
=003  Uk
=005  20230310194737.0
=006  m\\\\\\\\d\\\\\\\\
=007  cr\cn|||||||||
=008  000327c19939999mdumr\pso\\\\\0\\\a0eng\c
=FMT  \\$a  SE
=010  \\$a00242080
=022  0\$a1562-6873$l1063-7737$y1063-7737
=030  \\$aALETEO
=035  \\$a(OCoLC)43712597$z(OCoLC)252422623
=040  \\$aZCU$cZCU$dMYG$dEYM$dOCLCQ$dIUL$dOCLCQ$dC@R$dOCLCQ$dMYG$dOCL$dEEM$dOCLCQ$dLGG$dUk
=041  1\$aeng$hrus
=042  \\$aukblsr
=050  \4$aQB1
=082  04$a520.5$223
=130  0\$aPisʹma v Astronomicheskiĭ zhurnal.$lEnglish (Online)
=222  \0$aAstronomy letters$b(Online)
=245  10$aAstronomy letters$h[electronic resource].
=260  \\$a[College Park, Md.] :$bPublished by MAIK Nauka/Interperiodika :$bDistributed by American Institute of Physics
=260  3\$a[Berlin] :$bSpringer
=310  \\$aMonthly
=336  \\$atext$2rdacontent
=337  \\$acomputer$2rdamedia
=338  \\$aonline resource$2rdacarrier
=362  1\$aBegan with: v. 19, no. 1 (Jan.-Feb. 1993).
=500  \\$aAbstracts for 1975-<2004> also available online.
=500  \\$aDescription based on: Vol. 26, no. 1 (Jan. 2000); title from introductory page, viewed June 4, 2002.
=500  \\$aLatest issue consulted: Vol. 37, no. 12 (Dec. 2011), (SpringerLink, viewed Jan. 10, 2012).
=530  \\$aAlso issued in print.
=538  \\$aMode of access: World Wide Web.
=550  \\$aTranslated: Moscow, Russia : Maik nauka/Interperiodica Publishing.
=540  \\$aCurrent copyright fee: GBP29.95$c22\1$5Uk
=650  \0$aAstronomy$vPeriodicals.
=710  2\$aAmerican Institute of Physics.
=710  2\$aMAIK Nauka/Interperiodica Publishing.
=710  2\$aAmerican Institute of Physics.$bOnline Journal Publishing Service.
=765  0\$tPisʹma v Astronomicheskiĭ zhurnal
=776  08$iPrint version$tPisʹma v Astronomischeskiĭ zhurnal. English. Astronomy letters$x1063-7737
=780  00$tSoviet astronomy letters
=856  \\$31850-9999$uhttp://www.springer.com/gb/$xBLDSS
=856  4\$uhttp://www.springerlink.com/content/1063-7737/
=856  4\$uhttp://ojps.aip.org/asl/$zlink no longer valid
=856  4\$uhttp://scitation.aip.org/asl/$zlink no longer valid
=859  \\$aXLD$bejournal
=852  \\$aBritish Library$bDSC$j0404.773000$3Volume 26:Issue 1(2000)-Volume 44:Issue 3(2018)***See ESTAR for full holdings.
=945  \\$aASTRONOMY LETTERS C/C OF PIS'MA V ASTRONOMICHESKII ZHURNAL
=959  \\$fHeld but not currently received
=979  \\$aBritish Library$bDSC$j0404.773000
=CAT  \\$a7174$b40$c20060201$lBLL01$h1407
=CAT  \\$aBATCH-UPD$b00$c20150219$lBLL01$h1756
=CAT  \\$aIPL-CLA$c20150331$lBLL01$h1643
=CAT  \\$aBATCH-UPD$b00$c20150520$lBLL01$h1759
=CAT  \\$aIPL-CLA$c20150630$lBLL01$h1650
=CAT  \\$aBATCH-UPD$b00$c20150820$lBLL01$h1846
=CAT  \\$aIPL-CLA$c20150930$lBLL01$h1811
=CAT  \\$aBATCH-UPD$b00$c20160217$lBLL01$h1737
=CAT  \\$aIPL-CLA$c20160331$lBLL01$h1732
=CAT  \\$aBATCH-UPD$b00$c20160523$lBLL01$h0954
=CAT  \\$aBATCH-UPD$b00$c20160524$lBLL01$h2210
=CAT  \\$aBATCH-UPD$b00$c20160824$lBLL01$h1804
=CAT  \\$aIPL-CLA$c20160930$lBLL01$h1607
=CAT  \\$aBATCH-UPD$b00$c20170216$lBLL01$h1852
=CAT  \\$aIPL-CLA$c20170331$lBLL01$h1847
=CAT  \\$aBATCH-UPD$b00$c20170904$lBLL01$h1902
=CAT  \\$aIPL-CLA$c20170929$lBLL01$h1732
=CAT  \\$aBATCH-UPD$b00$c20180223$lBLL01$h1735
=CAT  \\$aIPL-CLA$c20180331$lBLL01$h1623
=CAT  \\$aW1805-0475$c20180520$lBLL01$h1632
=CAT  \\$aBATCH-UPD$b00$c20180524$lBLL01$h1722
=CAT  \\$aIPL-CLA$c20180630$lBLL01$h1918
=CAT  \\$aW1908-0780$b00$c20200730$lBLL01$h1329
=CAT  \\$aCDS21$c20220118$lBLL01$h1105
=CAT  \\$aBATCH-UPD$b00$c20221121$lBLL01$h1400
=CAT  \\$aIPL-CLA$c20221231$lBLL01$h1447
=CAT  \\$a5410$b40$c20230310$lBLL01$h1947
=CFI  0\$aCurrent copyright fee: GBP29.95$c22\1$e01-jan-2023$fGBP29.95$g0$hP$5Uk
=CFI  2\$aPrevious copyright fee: GBP34.00$c22\1$e01-jul-2018$fGBP34.00$g0$hP$5Uk
=EST  \\$a1
=FFP  \\$aY$bBLDSS-3PM
=FIN  \\$aY$d20120110
=LKR  \\$aPAR$b009180640$lBLL01$r776$mAstronomy letters (Online)$nAstronomy letters (Print)
=MNI  \\$a1063-7737
=SID  \\$aZ39$bOCLC
=TCO  \\$aTRS$bCCC$c008
=TOC  \\$aETOC
=UNO  \\$aY
=ACF  \\$aPrevious copyright fee: GBP21.25$c22\8$e01-jan-2009$fGBP21.25$g0$hP$5Uk
=ACF  \\$aPrevious copyright fee: GBP16.75$c22\8$e01-jan-2007$fGBP16.75$g0$hP$5Uk
=ACF  \\$aPrevious copyright fee: GBP16.22$c22\8$e01-oct-2006$fGBP16.22$g0$hP$5Uk
=ACF  \\$aPrevious copyright fee: GBP17.14$c22\8$e01-apr-2006$fGBP17.14$g0$hP$5Uk
=ACF  \\$aPrevious Copyright Fee: GBP16.67$c22\8$e01-feb-2006$fGBP16.67$g0$hP$5Uk
=ACF  \\$aPrevious copyright fee: GBP22.00$c22\8$e01-apr-2009$fGBP22.00$g0$hP$5Uk
=ACF  \\$aPrevious copyright fee: GBP22.00$c22\8$e12-aug-2012$fGBP22.00$g0$hP$5Uk
=ACF  \\$aPrevious copyright fee: GBP25.00$c22\8$e01-jan-2013$fGBP25.00$g0$hP$5Uk
=ACF  \\$aPrevious copyright fee: GBP25.77$c22\8$e01-jul-2013$fGBP25.77$g0$hP$5Uk
=ACF  \\$aPrevious copyright fee: GBP24.97$c22\8$e01-jan-2014$fGBP24.97$g0$hP$5Uk
=ACF  \\$aPrevious copyright fee: GBP24.21$c22\8$e01-jul-2014$fGBP24.21$g0$hP$5Uk
=ACF  \\$aPrevious copyright fee: GBP25.77$c22\8$e01-apr-2015$fGBP25.77$g0$hP$5Uk
=ACF  \\$aPrevious copyright fee: GBP26.63$c22\8$e01-jul-2015$fGBP26.63$g0$hP$5Uk
=ACF  \\$aPrevious copyright fee: GBP25.77$c22\8$e01-oct-2015$fGBP25.77$g0$hP$5Uk
=ACF  \\$aPrevious copyright fee: GBP27.55$c22\8$e01-apr-2016$fGBP27.55$g0$hP$5Uk
=ACF  \\$aPrevious copyright fee: GBP29.59$c22\8$e01-oct-2016$fGBP29.59$g0$hP$5Uk
=ACF  \\$aPrevious copyright fee: GBP31.96$c22\8$e01-apr-2017$fGBP31.96$g0$hP$5Uk
=ACF  \\$aPrevious copyright fee: GBP30.73$c22\8$e01-oct-2017$fGBP30.73$g0$hP$5Uk
=ACF  \\$aPrevious copyright fee: GBP28.54$c22\8$e01-apr-2018$fGBP28.54$g0$hP$5Uk
=LAS  \\$a5410$b40$c20230310$lBLL01$h1947

