=LDR  05742cas a2201225 a 4500
=001  013393245
=003  Uk
=005  20230311104006.0
=006  m\\\\\\\\d\\\\\\\\
=007  cr\mg|||||||||
=008  000327c19939999vb\br\pso\\\\\0\\\a0eng\c
=FMT  \\$a  SE
=010  \\$a00242078
=022  \\$a1562-6865$l1063-7710$y1063-7710$202
=035  \\$a(OCoLC)43712424$z(OCoLC)60639371
=040  \\$aZCU$cZCU$dMYG$dEYM$dOCLCQ$dOCL$dNSD$dOCLCQ$dUk
=041  1\$aeng$hrus
=042  \\$aukblsr$aissnuk
=050  \4$aQC221
=082  04$a534.05$223
=130  0\$aAkusticheskiĭ zhurnal.$lEnglish (Online)
=210  0\$aAcoust. phys.$b(Online)
=222  \0$aAcoustical physics$b(Online)
=245  10$aAcoustical physics$h[electronic resource].
=260  \\$a[College Park, Md.] :$bPublished by MAIK Nauka/Interperiodika :$bDistributed by American Institute of Physics,$cc2000-
=260  2\$a[Berlin] :$bSpringer
=264  31$a[Tortola, British Virgin Islands] :$bPleiades Publishing
=310  \\$aBimonthly
=336  \\$atext$2rdacontent
=337  \\$acomputer$2rdamedia
=338  \\$aonline resource$2rdacarrier
=362  1\$aPrint began with vol. 39, no. 1 (Jan.-Feb. 1993).
=588  \\$aDescription based on: Vol. 46, no. 1 (Jan. 2000); title from title screen (viewed May 4, 2000).
=588  \\$aLatest issue consulted: volume 68, issue 4 (August 2022) (SpringerLink, viewed October 21, 2022).
=540  \\$aCurrent copyright fee: GBP29.95$c22\1$5Uk
=650  \0$aSound$vPeriodicals.
=710  2\$aAmerican Institute of Physics.
=776  1\$tAkusticheskiĭ zhurnal. English. Acoustical physics$x1063-7710
=856  \\$31850-9999$uhttp://www.springer.com/gb/$xBLDSS
=856  4\$uhttp://ojps.aip.org/aph/$zLink no longer valid
=856  40$uhttps://www.springer.com/journal/11441
=859  \\$aXLD$bejournal
=852  \\$aBritish Library$bDSC$j0404.570000$3Volume 46:Issue 3(2000)-Volume 64:Issue 1(2018)***See ESTAR for full holdings.
=945  \\$aAcoustical physics C/C of akusticheskii zhurnal
=959  \\$fHeld but not currently received
=979  \\$aBritish Library$bDSC$j0404.570000
=985  \\$aISSN responsibility transferred from U.S. Center (Richard, 21/10/22)
=CAT  \\$a7174$b40$c20060201$lBLL01$h1452
=CAT  \\$aBATCH-UPD$b00$c20150820$lBLL01$h1846
=CAT  \\$aIPL-CLA$c20150930$lBLL01$h1811
=CAT  \\$aBATCH-UPD$b00$c20160217$lBLL01$h1737
=CAT  \\$aIPL-CLA$c20160331$lBLL01$h1732
=CAT  \\$aBATCH-UPD$b00$c20160524$lBLL01$h2210
=CAT  \\$aBATCH-UPD$b00$c20160525$lBLL01$h0023
=CAT  \\$aBATCH-UPD$b00$c20160824$lBLL01$h1804
=CAT  \\$aIPL-CLA$c20160930$lBLL01$h1607
=CAT  \\$aBATCH-UPD$b00$c20170216$lBLL01$h1852
=CAT  \\$aIPL-CLA$c20170331$lBLL01$h1847
=CAT  \\$aBATCH-UPD$b00$c20170904$lBLL01$h1902
=CAT  \\$aIPL-CLA$c20170929$lBLL01$h1732
=CAT  \\$aBATCH-UPD$b00$c20180223$lBLL01$h1735
=CAT  \\$aIPL-CLA$c20180331$lBLL01$h1623
=CAT  \\$aW1805-0475$c20180520$lBLL01$h1632
=CAT  \\$aBATCH-UPD$b00$c20180524$lBLL01$h1722
=CAT  \\$aIPL-CLA$c20180630$lBLL01$h1918
=CAT  \\$aW1908-0780$b00$c20200730$lBLL01$h1329
=CAT  \\$aCDS21$c20220118$lBLL01$h1105
=CAT  \\$a10806$b40$c20221021$lBLL01$h0943
=CAT  \\$a10806$b40$c20221021$lBLL01$h0952
=CAT  \\$a10806$b40$c20221024$lBLL01$h1000
=CAT  \\$aBATCH-UPD$b40$c20221121$lBLL01$h1400
=CAT  \\$aIPL-CLA$c20221231$lBLL01$h1447
=CAT  \\$a10806$b40$c20230125$lBLL01$h1449
=CAT  \\$a5410$b40$c20230311$lBLL01$h1040
=CFI  0\$aCurrent copyright fee: GBP29.95$c22\1$e01-jan-2023$fGBP29.95$g0$hP$5Uk
=CFI  2\$aPrevious copyright fee: GBP34.00$c22\1$e01-jul-2018$fGBP34.00$g0$hP$5Uk
=EST  \\$a1
=FFP  \\$aY$bBLDSS-3PM
=FIN  \\$aY$d20120110
=LKR  \\$aPAR$b009180615$lBLL01$r776$mAcoustical physics (Online)$nAcoustical physics (Print)
=MNI  \\$a1063-7710
=SID  \\$aZ39$bOCLC
=TCO  \\$aTRS$bCCC$c008
=TOC  \\$aETOC
=UNO  \\$aY
=ACF  \\$aPrevious copyright fee: GBP21.25$c22\8$e01-jan-2009$fGBP21.25$g0$hP$5Uk
=ACF  \\$aPrevious copyright fee: GBP16.75$c22\8$e01-jan-2007$fGBP16.75$g0$hP$5Uk
=ACF  \\$aPrevious copyright fee: GBP16.22$c22\8$e01-oct-2006$fGBP16.22$g0$hP$5Uk
=ACF  \\$aPrevious copyright fee: GBP17.14$c22\8$e01-apr-2006$fGBP17.14$g0$hP$5Uk
=ACF  \\$aPrevious Copyright Fee: GBP16.67$c22\8$e01-feb-2006$fGBP16.67$g0$hP$5Uk
=ACF  \\$aPrevious copyright fee: GBP22.00$c22\8$e01-apr-2009$fGBP22.00$g0$hP$5Uk
=ACF  \\$aPrevious copyright fee: GBP22.00$c22\8$e12-aug-2012$fGBP22.00$g0$hP$5Uk
=ACF  \\$aPrevious copyright fee: GBP25.00$c22\8$e01-jan-2013$fGBP25.00$g0$hP$5Uk
=ACF  \\$aPrevious copyright fee: GBP25.77$c22\8$e01-jul-2013$fGBP25.77$g0$hP$5Uk
=ACF  \\$aPrevious copyright fee: GBP24.97$c22\8$e01-jan-2014$fGBP24.97$g0$hP$5Uk
=ACF  \\$aPrevious copyright fee: GBP24.21$c22\8$e01-jul-2014$fGBP24.21$g0$hP$5Uk
=ACF  \\$aPrevious copyright fee: GBP25.77$c22\8$e01-apr-2015$fGBP25.77$g0$hP$5Uk
=ACF  \\$aPrevious copyright fee: GBP26.63$c22\8$e01-jul-2015$fGBP26.63$g0$hP$5Uk
=ACF  \\$aPrevious copyright fee: GBP25.77$c22\8$e01-oct-2015$fGBP25.77$g0$hP$5Uk
=ACF  \\$aPrevious copyright fee: GBP27.55$c22\8$e01-apr-2016$fGBP27.55$g0$hP$5Uk
=ACF  \\$aPrevious copyright fee: GBP29.59$c22\8$e01-oct-2016$fGBP29.59$g0$hP$5Uk
=ACF  \\$aPrevious copyright fee: GBP31.96$c22\8$e01-apr-2017$fGBP31.96$g0$hP$5Uk
=ACF  \\$aPrevious copyright fee: GBP30.73$c22\8$e01-oct-2017$fGBP30.73$g0$hP$5Uk
=ACF  \\$aPrevious copyright fee: GBP28.54$c22\8$e01-apr-2018$fGBP28.54$g0$hP$5Uk
=LAS  \\$a5410$b40$c20230311$lBLL01$h1040

