=LDR  06309cas a2201309 a 4500
=001  013428525
=003  Uk
=005  20221231144728.0
=006  m\\\\\\\\d\\\\\\\\
=007  cr\cnu||||||||
=008  050801c20069999nyuqr\pso\\\\\0\\\a0eng\c
=FMT  \\$a  SE
=010  \\$a2005215693
=016  7\$a101256586$2DNLM
=022  0\$a1557-1904$l1557-1890$y1557-1890$21
=035  \\$a(OCoLC)61187356$z(OCoLC)240903355$z(OCoLC)253673671
=040  \\$aNSD$cNSD$dNSD$dRBN$dOCLCS$dOCL$dUQ1$dNSD$dLGG$dOCLCQ$dUk
=042  \\$aukblsr
=050  14$aRM370
=060  00$aW1$bJO787L
=082  04$a615.3705$223
=130  0\$aJournal of neuroimmune pharmacology (Online)
=210  0\$aJ. neuroimmune pharmacol.$b(Online)
=222  \0$aJournal of neuroimmune pharmacology$b(Online)
=245  10$aJournal of neuroimmune pharmacology$h[electronic resource].
=246  13$aJNIP
=260  \\$aNew York, NY :$bSpringer Science + Business Media,$c2006-
=310  \\$aQuarterly
=336  \\$atext$2rdacontent
=337  \\$acomputer$2rdamedia
=338  \\$aonline resource$2rdacarrier
=362  0\$aVol. 1, no. 1 (Mar. 2006)-
=500  \\$aTitle from table of contents page (viewed Apr. 10, 2006, Springer).
=530  \\$aAlso published in print.
=588  \\$aLatest issue consulted: Vol. 7, no. 2 (June 2012) (SpringerLink, viewed May 22, 2012).
=550  \\$aJournal of the Society on NeuroImmune Pharmacology.
=540  \\$aCurrent copyright fee: GBP34.95$c22\1$5Uk
=650  \0$aImmunopharmacology$vPeriodicals.
=650  \0$aNeuroimmunology$vPeriodicals.
=650  \7$aNeuro-immunologie$2rasuqam
=650  17$aImmunopharmacologie$2rasuqam
=710  2\$aSociety on NeuroImmune Pharmacology.
=776  1\$tJournal of neuroimmune pharmacology$x1557-1890
=856  \\$31850-9999$uhttp://www.springer.com/gb/$xBLDSS
=856  40$uhttp://firstsearch.oclc.org$zAddress for accessing the journal using authorization number and password through OCLC FirstSearch Electronic Collections Online
=856  40$uhttp://firstsearch.oclc.org/journal=1557-1890;screen=info;ECOIP$zAddress for accessing the journal from an authorized IP address through OCLC FirstSearch Electronic Collections Online
=856  40$uhttp://www.springerlink.com/content/119975/
=856  40$uhttp://www.springerlink.com/openurl.asp?genre=journal&issn=1557-1890
=859  \\$aXLD$bejournal
=852  \\$aBritish Library$bDSC$j5021.549000$3Volume 1:Issue 1(2006)-Volume 13:Issue 1(2018)***See ESTAR for full holdings.
=945  \\$aJournal of neuroimmune pharmacology.
=959  \\$fHeld but not currently received
=979  \\$aBritish Library$bDSC$j5021.549000
=985  \\$aCONFERENCE ANALYTIC RECORDS EXIST
=CAT  \\$a7174$b40$c20060316$lBLL01$h1450
=CAT  \\$aIPL-CLA$c20150630$lBLL01$h1650
=CAT  \\$aBATCH-UPD$b00$c20150820$lBLL01$h1846
=CAT  \\$aIPL-CLA$c20150930$lBLL01$h1811
=CAT  \\$aBATCH-UPD$b00$c20160217$lBLL01$h1737
=CAT  \\$aIPL-CLA$c20160331$lBLL01$h1733
=CAT  \\$aBATCH-UPD$b00$c20160524$lBLL01$h2210
=CAT  \\$aBATCH-UPD$b00$c20160525$lBLL01$h0023
=CAT  \\$aBATCH-UPD$b00$c20160824$lBLL01$h1804
=CAT  \\$aIPL-CLA$c20160930$lBLL01$h1607
=CAT  \\$aBATCH-UPD$b00$c20170216$lBLL01$h1852
=CAT  \\$aIPL-CLA$c20170331$lBLL01$h1848
=CAT  \\$aBATCH-UPD$b00$c20170904$lBLL01$h1902
=CAT  \\$aIPL-CLA$c20170929$lBLL01$h1732
=CAT  \\$aBATCH-UPD$b00$c20180223$lBLL01$h1735
=CAT  \\$aIPL-CLA$c20180331$lBLL01$h1624
=CAT  \\$aW1805-0475$c20180520$lBLL01$h1632
=CAT  \\$aBATCH-UPD$b00$c20180524$lBLL01$h1722
=CAT  \\$aIPL-CLA$c20180630$lBLL01$h1918
=CAT  \\$aW1908-0780$b00$c20200730$lBLL01$h1329
=CAT  \\$a5552$b40$c20210819$lBLL01$h0904
=CAT  \\$aIPL-CLA$c20210930$lBLL01$h1528
=CAT  \\$aCDS21$c20220118$lBLL01$h1105
=CAT  \\$aBATCH-UPD$b00$c20221121$lBLL01$h1411
=CAT  \\$a5410$b40$c20221215$lBLL01$h0905
=CAT  \\$aIPL-CLA$c20221231$lBLL01$h1447
=CFI  0\$aCurrent copyright fee: GBP34.95$c22\1$e01-jan-2023$fGBP34.95$g0$hP$5Uk
=CFI  2\$aPrevious copyright fee: GBP43.00$c22\1$e01-oct-2021$fGBP43.00$g0$hP$5Uk
=EST  \\$a1
=FFP  \\$aY$bBLDSS-3PM
=FIN  \\$aY$d20120522
=LKR  \\$aPAR$b013434253$lBLL01$r776$mJournal of neuroimmune pharmacology (Online)$nJournal of neuroimmune pharmacology (Print)
=MNI  \\$a1557-1890
=SID  \\$aZ39$bOCLC
=TCO  \\$aDEU$bVG WORT$c008
=TOC  \\$aETOC
=UNO  \\$aY
=ACF  \\$aPrevious copyright fee: GBP21.25$c22\8$e01-jan-2009$fGBP21.25$g0$hP$5Uk
=ACF  \\$aPrevious copyright fee: GBP16.75$c22\8$e01-jan-2007$fGBP16.75$g0$hP$5Uk
=ACF  \\$aPrevious copyright fee: GBP16.22$c22\8$e01-oct-2006$fGBP16.22$g0$hP$5Uk
=ACF  \\$aCurrent Copyright Fee: GBP17.14$c22\3$e01-apr-2006$fGBP17.14$g0$hP$5Uk
=ACF  \\$aPrevious Copyright Fee: GBP16.67$c22\3$e16-mar-2006$fGBP16.67$g0$hP$5Uk
=ACF  \\$aPrevious copyright fee: GBP22.00$c22\8$e01-apr-2009$fGBP22.00$g0$hP$5Uk
=ACF  \\$aPrevious copyright fee: GBP22.00$c22\8$e12-aug-2012$fGBP22.00$g0$hP$5Uk
=ACF  \\$aPrevious copyright fee: GBP25.00$c22\8$e01-jan-2013$fGBP25.00$g0$hP$5Uk
=ACF  \\$aPrevious copyright fee: GBP25.77$c22\8$e01-jul-2013$fGBP25.77$g0$hP$5Uk
=ACF  \\$aPrevious copyright fee: GBP24.97$c22\8$e01-jan-2014$fGBP24.97$g0$hP$5Uk
=ACF  \\$aPrevious copyright fee: GBP24.21$c22\8$e01-jul-2014$fGBP24.21$g0$hP$5Uk
=ACF  \\$aPrevious copyright fee: GBP25.77$c22\8$e01-apr-2015$fGBP25.77$g0$hP$5Uk
=ACF  \\$aPrevious copyright fee: GBP26.63$c22\8$e01-jul-2015$fGBP26.63$g0$hP$5Uk
=ACF  \\$aPrevious copyright fee: GBP25.77$c22\8$e01-oct-2015$fGBP25.77$g0$hP$5Uk
=ACF  \\$aPrevious copyright fee: GBP27.55$c22\8$e01-apr-2016$fGBP27.55$g0$hP$5Uk
=ACF  \\$aPrevious copyright fee: GBP29.59$c22\8$e01-oct-2016$fGBP29.59$g0$hP$5Uk
=ACF  \\$aPrevious copyright fee: GBP31.96$c22\8$e01-apr-2017$fGBP31.96$g0$hP$5Uk
=ACF  \\$aPrevious copyright fee: GBP30.73$c22\8$e01-oct-2017$fGBP30.73$g0$hP$5Uk
=ACF  \\$aPrevious copyright fee: GBP28.54$c22\8$e01-apr-2018$fGBP28.54$g0$hP$5Uk
=ACF  \\$aPrevious copyright fee: GBP34.00$c22\1$e01-jul-2018$fGBP34.00$g0$hP$5Uk
=LAS  \\$aIPL-CLA$b00$c20221231$lBLL01$h1447

