=LDR  06198cas a2201285 a 4500
=001  013433191
=003  Uk
=005  20230305111149.0
=006  m\\\\\\\\d\\\\\\\\
=007  cr\un|||||||||
=008  050614c20079999vb\mx\pss\\\\\0\\\a0eng\c
=FMT  \\$a  SE
=010  \\$a2008233191
=022  \\$a1531-863X$y0036-0244$202
=035  \\$a(OCoLC)60627534
=040  \\$aOCLCS$cOCLCS$dOCLCS$dOCL$dGUA$dOCLCQ$dUk
=041  1\$aeng$hrus
=042  \\$aukblsr$aissnuk
=050  14$aQD1
=060  \4$aW1$bRU814J
=082  04$a541.05$223
=130  0\$aRussian journal of physical chemistry.$nA (Online)
=210  0\$aRuss. j. phys. chem., A$b(Online)
=222  \0$aRussian journal of physical chemistry. A$b(Online)
=245  10$aRussian journal of physical chemistry.$nA$h[electronic resource].
=246  1\$iSome providers have contents screen title:$aRussian journal of physical chemistry.$nA.$pFocus on chemistry
=260  \\$a[Moscow] :$bMAIK Nauka/Interperiodica ;$a[Heidelberg] :$bdistributed by Springer Science+Business Media
=264  31$a[Tortola, British Virgin Islands] :$bPleiades Publishing
=310  \\$aMonthly, with an extra issue in December,$b2008-
=321  \\$aMonthly,$b2007
=336  \\$atext$2rdacontent
=337  \\$acomputer$2rdamedia
=338  \\$aonline resource$2rdacarrier
=362  1\$aBegan with v. 81, no. 1 (Jan. 2007).
=580  \\$aIncludes issues of earlier title: Russian journal of physical chemistry.
=500  \\$aDescription based on: Vol. 81, no. 1 (Jan. 2007); title from pdf of running title on article (SpringerLink, viewed July 16, 2008).
=588  \\$aLatest issue consulted: volume 96, issue 13 (December 2022) (SpringerLink, viewed January 17, 2023).
=525  \\$aSupplements accompany some issues.
=540  \\$aCurrent copyright fee: GBP29.95$c22\1$5Uk
=650  \0$aChemistry, Physical and theoretical$vPeriodicals.
=650  \0$aChemistry$vPeriodicals.
=710  2\$aRossiĭskai︠a︡ akademii︠a︡ nauk.
=730  0\$aZhurnal fizicheskoĭ khimii.$lEnglish.
=765  08$iTranslated from the Russian:$tZhurnal fizicheskoĭ khimii
=776  08$iPrint version:$tRussian journal of physical chemistry$x0036-0244
=780  11$tRussian journal of physical chemistry (Online)
=856  \\$31850-9999$uhttp://www.springer.com/gb/$xBLDSS
=856  40$uhttp://firstsearch.oclc.org$zAddress for accessing the journal using authorization number and password through OCLC FirstSearch Electronic Collections Online
=856  40$uhttp://www.maik.rssi.ru/cgi-bin/journal.pl?name=physchem&page=main$zURL not valid as of July 2008
=856  40$uhttps://www.springer.com/journal/11504
=859  \\$aXLD$bejournal
=852  \\$aBritish Library$bDSC$j0420.763000$3Volume 80:Issue 1(2006)-Volume 92:Issue 3(2018)***See ESTAR for full holdings.
=945  \\$aRUSSIAN JOURNAL OF PHYSICAL CHEMISTRY C/C OF ZHURNAL FIZICHESKOI KHIMII
=959  \\$fHeld but not currently received
=979  \\$aBritish Library$bDSC$j0420.763000
=985  \\$aISSN responsibility transferred from ISSN Russia (17/01/23)
=CAT  \\$a7174$b40$c20060322$lBLL01$h1553
=CAT  \\$aIPL-CLA$c20150331$lBLL01$h1643
=CAT  \\$aBATCH-UPD$b00$c20150520$lBLL01$h1750
=CAT  \\$aIPL-CLA$c20150630$lBLL01$h1650
=CAT  \\$aBATCH-UPD$b00$c20150820$lBLL01$h1837
=CAT  \\$aIPL-CLA$c20150930$lBLL01$h1812
=CAT  \\$aBATCH-UPD$b00$c20160217$lBLL01$h1728
=CAT  \\$aIPL-CLA$c20160331$lBLL01$h1733
=CAT  \\$aBATCH-UPD$b00$c20160519$lBLL01$h0956
=CAT  \\$aBATCH-UPD$b00$c20160524$lBLL01$h2210
=CAT  \\$aBATCH-UPD$b00$c20160824$lBLL01$h1755
=CAT  \\$aIPL-CLA$c20160930$lBLL01$h1607
=CAT  \\$aBATCH-UPD$b00$c20170216$lBLL01$h1843
=CAT  \\$aIPL-CLA$c20170331$lBLL01$h1848
=CAT  \\$aBATCH-UPD$b00$c20170904$lBLL01$h1852
=CAT  \\$aIPL-CLA$c20170929$lBLL01$h1732
=CAT  \\$aBATCH-UPD$b00$c20180223$lBLL01$h1721
=CAT  \\$aIPL-CLA$c20180331$lBLL01$h1624
=CAT  \\$aW1805-0475$c20180520$lBLL01$h1632
=CAT  \\$aBATCH-UPD$b00$c20180524$lBLL01$h1714
=CAT  \\$aIPL-CLA$c20180630$lBLL01$h1918
=CAT  \\$aW1908-0780$b00$c20200730$lBLL01$h1329
=CAT  \\$aCDS21$c20220118$lBLL01$h1105
=CAT  \\$aBATCH-UPD$b00$c20221121$lBLL01$h1400
=CAT  \\$aIPL-CLA$c20221231$lBLL01$h1447
=CAT  \\$a10806$b40$c20230117$lBLL01$h0818
=CAT  \\$a5410$b40$c20230305$lBLL01$h1111
=CFI  0\$aCurrent copyright fee: GBP29.95$c22\1$e01-jan-2023$fGBP29.95$g0$hP$5Uk
=CFI  2\$aPrevious copyright fee: GBP34.00$c22\1$e01-jul-2018$fGBP34.00$g0$hP$5Uk
=EST  \\$a1
=FFP  \\$aY$bBLDSS-3PM
=FIN  \\$aY$d20120919
=MNI  \\$a0036-0244
=SID  \\$aZ39$bOCLC
=TCO  \\$aTRS$bCCC$c008
=TCO  \\$aCLA$bCLA$c008
=TOC  \\$aETOC
=UNO  \\$aY
=ACF  \\$aPrevious Copyright Fee: GBP16.67$c22\3$e22-mar-2006$fGBP16.67$g0$hP$5Uk
=ACF  \\$aPrevious Copyright Fee: GBP17.14$c22\3$e01-apr-2006$fGBP17.14$g0$hP$5Uk
=ACF  \\$aPrevious copyright fee: GBP22.00$c22\3$e12-aug-2012$fGBP22.00$g0$hP$5Uk
=ACF  \\$aPrevious copyright fee: GBP25.00$c22\3$e01-jan-2013$fGBP25.00$g0$hP$5Uk
=ACF  \\$aPrevious copyright fee: GBP25.77$c22\3$e01-jul-2013$fGBP25.77$g0$hP$5Uk
=ACF  \\$aPrevious copyright fee: GBP24.97$c22\3$e01-jan-2014$fGBP24.97$g0$hP$5Uk
=ACF  \\$aPrevious copyright fee: GBP24.21$c22\3$e01-jul-2014$fGBP24.21$g0$hP$5Uk
=ACF  \\$aPrevious copyright fee: GBP25.77$c22\3$e01-apr-2015$fGBP25.77$g0$hP$5Uk
=ACF  \\$aPrevious copyright fee: GBP26.63$c22\3$e01-jul-2015$fGBP26.63$g0$hP$5Uk
=ACF  \\$aPrevious copyright fee: GBP25.77$c22\3$e01-oct-2015$fGBP25.77$g0$hP$5Uk
=ACF  \\$aPrevious copyright fee: GBP27.55$c22\3$e01-apr-2016$fGBP27.55$g0$hP$5Uk
=ACF  \\$aPrevious copyright fee: GBP29.59$c22\3$e01-oct-2016$fGBP29.59$g0$hP$5Uk
=ACF  \\$aPrevious copyright fee: GBP31.96$c22\3$e01-apr-2017$fGBP31.96$g0$hP$5Uk
=ACF  \\$aPrevious copyright fee: GBP30.73$c22\3$e01-oct-2017$fGBP30.73$g0$hP$5Uk
=ACF  \\$aPrevious copyright fee: GBP28.54$c22\3$e01-apr-2018$fGBP28.54$g0$hP$5Uk
=LAS  \\$a5410$b40$c20230305$lBLL01$h1111

