=LDR  06591cas a2201321 a 4500
=001  013434674
=003  Uk
=005  20230423170252.0
=006  m\\\\\\\\d\\\\\\\\
=007  cr\un|||||||||
=008  050614c19649999ru\mn\pss\\\\\0\\\a0eng\c
=FMT  \\$a  SE
=010  \\$a  2005215483
=022  \\$a1556-1968$y0016-7029
=035  \\$a(OCoLC)60627499
=040  \\$aOCoLC$cOCoLC$dNSDP$dOCoLC$dInU$dOCoLC$dUk
=041  1\$aeng$hrus$hfre$hger$hjpn
=042  \\$ansdp$aukblsr
=050  \4$aQE515$b.G4125
=082  04$a551.905$223
=130  0\$aGeokhimii͡a.$lEnglish (Online)
=210  0\$aGeochem. int.$b(Online)
=222  \0$aGeochemistry international$b(Online)
=245  10$aGeochemistry international$h[electronic resource].
=260  \\$a[Silver Spring, MD, etc.] :$bScripta Technica
=260  3\$a[Moscow] :$bMAIK Nauka/Interperiodica ;$a[Heidelberg] :$bdistributed by Springer Science+Business Media
=310  \\$aEvery four weeks,$b2008-
=321  \\$aMonthly,$b<Mar. 1989- >
=321  \\$aNine no. a year,$b<1985- >
=321  \\$aBimonthly
=336  \\$atext$2rdacontent
=337  \\$acomputer$2rdamedia
=338  \\$aonline resource$2rdacarrier
=362  1\$aPrint began with v. 1, published in 1964.
=580  \\$aHas supplement "Geokhimiya translations", giving translations of articles published in "Geokhimii︠a︡" from 1964 to 1969 which were not fully translated in "Geochemistry international".
=588  \\$aDescription based on print version record.
=588  \\$aLatest issue consulted: Vol. 50, no. 10 (2012) (publisher's website, viewed Sept. 28, 2012).
=520  \\$aVols. for 1964-v. 2, no. 1, 1965 include selected articles translated from geochemical papers from other languages, but primarily from Russian, German, French and Japanese.
=530  \\$aAlso issued in print.
=550  \\$aVols. for 1964-68 published by the Geochemical Society; 1969-<75> by the American Geological Institute in cooperation with the Geochemical Society; <1978- > by the Scripta Publishing Co. in cooperation with the American Geological Institute and the American Geophysical Union; <Mar. 1989- > by Scripta Technica, Inc., in cooperation with the American Geological Institute and the American Geophysical Union.
=580  \\$aSelected articles translated from: Geokhimiya, a publication of the Academy of Sciences, U.S.S.R.
=540  \\$aCurrent copyright fee: GBP29.95$c22\1$5Uk
=650  \0$aGeochemistry$vPeriodicals.
=650  \0$aGeology$zEurasia$vPeriodicals.
=710  2\$aAmerican Geological Institute.
=710  2\$aAmerican Geophysical Union.
=710  2\$aGeochemical Society.
=765  1\$tGeokhimii͡a
=770  0\$tGeokhimiya translations
=776  1\$tGeochemistry international$x0016-7029
=856  \\$31850-9999$uhttp://www.springer.com/gb/$xBLDSS
=856  40$uhttp://firstsearch.oclc.org$zAddress for accessing the journal using authorization number and password through OCLC FirstSearch Electronic Collections Online
=856  40$uhttp://www.maik.rssi.ru/journals/geochem.htm
=856  40$uhttp://www.springerlink.com/openurl.asp?genre=journal&issn=0016-7029
=859  \\$aXLD$bejournal
=852  \\$aBritish Library$bDSC$j0411.775000$3Volume 44:Issue 1(2006)-Volume 56:Issue 3(2018)***See ESTAR for full holdings.
=945  \\$aGEOCHEMISTRY INTERNATIONAL C/C OF GEOKHIMIIA
=959  \\$fHeld but not currently received
=979  \\$aBritish Library$bDSC$j0411.775000
=985  \\$aCONFERENCE ANALYTIC RECORDS EXIST
=CAT  \\$a7174$b40$c20060324$lBLL01$h1453
=CAT  \\$aBATCH-UPD$b00$c20150219$lBLL01$h1743
=CAT  \\$aIPL-CLA$c20150331$lBLL01$h1643
=CAT  \\$aBATCH-UPD$b00$c20150520$lBLL01$h1750
=CAT  \\$aIPL-CLA$c20150630$lBLL01$h1650
=CAT  \\$aBATCH-UPD$b00$c20150820$lBLL01$h1837
=CAT  \\$aIPL-CLA$c20150930$lBLL01$h1812
=CAT  \\$aBATCH-UPD$b00$c20160217$lBLL01$h1728
=CAT  \\$aIPL-CLA$c20160331$lBLL01$h1733
=CAT  \\$aBATCH-UPD$b00$c20160518$lBLL01$h1134
=CAT  \\$aBATCH-UPD$b00$c20160524$lBLL01$h2210
=CAT  \\$aBATCH-UPD$b00$c20160824$lBLL01$h1755
=CAT  \\$aIPL-CLA$c20160930$lBLL01$h1607
=CAT  \\$aBATCH-UPD$b00$c20170216$lBLL01$h1843
=CAT  \\$aIPL-CLA$c20170331$lBLL01$h1848
=CAT  \\$aBATCH-UPD$b00$c20170904$lBLL01$h1852
=CAT  \\$aIPL-CLA$c20170929$lBLL01$h1732
=CAT  \\$aBATCH-UPD$b00$c20180223$lBLL01$h1721
=CAT  \\$aIPL-CLA$c20180331$lBLL01$h1624
=CAT  \\$aW1805-0475$c20180520$lBLL01$h1632
=CAT  \\$aBATCH-UPD$b00$c20180524$lBLL01$h1714
=CAT  \\$aIPL-CLA$c20180630$lBLL01$h1918
=CAT  \\$aW1908-0780$b00$c20200730$lBLL01$h1329
=CAT  \\$aCDS21$c20220118$lBLL01$h1105
=CAT  \\$aBATCH-UPD$b00$c20221121$lBLL01$h1400
=CAT  \\$aIPL-CLA$c20221231$lBLL01$h1447
=CAT  \\$a5410$b40$c20230423$lBLL01$h1702
=CFI  0\$aCurrent copyright fee: GBP29.95$c22\1$e01-jan-2023$fGBP29.95$g0$hP$5Uk
=CFI  2\$aPrevious copyright fee: GBP34.00$c22\1$e01-jul-2018$fGBP34.00$g0$hP$5Uk
=EST  \\$a1
=FFP  \\$aY$bBLDSS-3PM
=FIN  \\$aY$d20120928
=MNI  \\$a0016-7029
=SRC  \\$aBLL02
=TCO  \\$aTRS$bCCC$c008
=TOC  \\$aETOC
=UNO  \\$aY
=ACF  \\$aPrevious Copyright Fee: GBP16.67$c22\3$e24-mar-2006$fGBP16.67$g0$hP$5Uk
=ACF  \\$aPrevious Copyright Fee: GBP17.14$c22\3$e01-apr-2006$fGBP17.14$g0$hP$5Uk
=ACF  \\$aPrevious copyright fee: GBP22.00$c22\3$e12-aug-2012$fGBP22.00$g0$hP$5Uk
=ACF  \\$aPrevious copyright fee: GBP25.00$c22\3$e01-jan-2013$fGBP25.00$g0$hP$5Uk
=ACF  \\$aPrevious copyright fee: GBP25.77$c22\3$e01-jul-2013$fGBP25.77$g0$hP$5Uk
=ACF  \\$aPrevious copyright fee: GBP24.97$c22\3$e01-jan-2014$fGBP24.97$g0$hP$5Uk
=ACF  \\$aPrevious copyright fee: GBP24.21$c22\3$e01-jul-2014$fGBP24.21$g0$hP$5Uk
=ACF  \\$aPrevious copyright fee: GBP25.77$c22\3$e01-apr-2015$fGBP25.77$g0$hP$5Uk
=ACF  \\$aPrevious copyright fee: GBP26.63$c22\3$e01-jul-2015$fGBP26.63$g0$hP$5Uk
=ACF  \\$aPrevious copyright fee: GBP25.77$c22\3$e01-oct-2015$fGBP25.77$g0$hP$5Uk
=ACF  \\$aPrevious copyright fee: GBP27.55$c22\3$e01-apr-2016$fGBP27.55$g0$hP$5Uk
=ACF  \\$aPrevious copyright fee: GBP29.59$c22\3$e01-oct-2016$fGBP29.59$g0$hP$5Uk
=ACF  \\$aPrevious copyright fee: GBP31.96$c22\3$e01-apr-2017$fGBP31.96$g0$hP$5Uk
=ACF  \\$aPrevious copyright fee: GBP30.73$c22\3$e01-oct-2017$fGBP30.73$g0$hP$5Uk
=ACF  \\$aPrevious copyright fee: GBP28.54$c22\3$e01-apr-2018$fGBP28.54$g0$hP$5Uk
=LAS  \\$a5410$b40$c20230423$lBLL01$h1702

