=LDR  06008cas a2201261 a 4500
=001  013434750
=003  Uk
=005  20230305111408.0
=006  m\\\\\\\\d\\\\\\\\
=007  cr\|||||||||||
=008  060425c19929999vb\mr\pss\\\\\0\\\a0eng\c
=FMT  \\$a  SE
=010  \\$a2008233890
=022  \\$a1556-195X$y1064-2293$202
=035  \\$a(OCoLC)67618444
=040  \\$aOCLCS$cOCLCS$dOCLCS$dOCL$dGUA$dOCLCQ$dTXA$dUk
=041  1\$aeng$hrus
=042  \\$aukblsr$aissnuk
=050  14$aS590$b.P612
=082  04$a631.405$223
=130  0\$aEurasian soil science (Online)
=222  \0$aEurasian soil science$b(Online)
=245  10$aEurasian soil science$h[electronic resource].
=260  \\$a[Silver Spring, MD :$bScripta Technica]
=260  2\$a[Moscow] :$bMAIK Nauka/Interperiodica ;$a[Heidelberg] :$bdistributed by Springer Science+Business Media
=264  31$a[Tortola, British Virgin Islands] :$bPleiades Publishing
=310  \\$aMonthly
=336  \\$atext$2rdacontent
=337  \\$acomputer$2rdamedia
=338  \\$aonline resource$2rdacarrier
=362  1\$aPrint began with vol. 24, no. 2 (1992).
=550  \\$aPublished for the Russian Academy of Sciences.
=500  \\$aDescription based on: Vol. 39, no. 1 (Jan. 2006); title from contents screen (SpringerLink, viewed June 3, 2008).
=588  \\$aLatest issue consulted: volume 55, issue 10 (October 2022) (SpringerLink, viewed November 22, 2022).
=525  \\$aHas occasional supplements.
=580  \\$aEnglish translation of two Russian periodicals: Agrokhimii︠a︡, and: Pochvovedenie.
=540  \\$aCurrent copyright fee: GBP29.95$c22\1$5Uk
=650  \0$aSoil science$vPeriodicals.
=650  \0$aSoil science$zRussia (Federation)$vPeriodicals.
=650  \0$aSoils$zEurasia$vPeriodicals.
=710  2\$aRossiĭskai︠a︡ akademii︠a︡ nauk.
=776  08$iPrint version:$tEurasian soil science$x1064-2293
=856  \\$31850-9999$uhttp://www.springer.com/gb/$xBLDSS
=856  40$uhttp://firstsearch.oclc.org$zAddress for accessing the journal using authorization number and password through OCLC FirstSearch Electronic Collections Online
=856  40$uhttps://www.springer.com/journal/11475
=859  \\$aXLD$bejournal
=852  \\$aBritish Library$bDSC$j0411.747000$3Volume 39:Issue 1(2006)-Volume 51:Issue 3(2018)***See ESTAR for full holdings.
=945  \\$aEURASIAN SOIL SCIENCE C/C OF POCHVOVEDENIE
=959  \\$fHeld but not currently received
=979  \\$aBritish Library$bDSC$j0411.747000
=985  \\$aISSN responsibility transferred from ISSN Russia (22/11/22)
=CAT  \\$a7174$b40$c20060324$lBLL01$h1556
=CAT  \\$aIPL-CLA$c20150331$lBLL01$h1643
=CAT  \\$aBATCH-UPD$b00$c20150520$lBLL01$h1759
=CAT  \\$aIPL-CLA$c20150630$lBLL01$h1650
=CAT  \\$aBATCH-UPD$b00$c20150820$lBLL01$h1846
=CAT  \\$aIPL-CLA$c20150930$lBLL01$h1812
=CAT  \\$aBATCH-UPD$b00$c20160217$lBLL01$h1737
=CAT  \\$aIPL-CLA$c20160331$lBLL01$h1733
=CAT  \\$aBATCH-UPD$b00$c20160518$lBLL01$h1141
=CAT  \\$aBATCH-UPD$b00$c20160524$lBLL01$h2210
=CAT  \\$aBATCH-UPD$b00$c20160824$lBLL01$h1804
=CAT  \\$aIPL-CLA$c20160930$lBLL01$h1607
=CAT  \\$aBATCH-UPD$b00$c20170216$lBLL01$h1852
=CAT  \\$aIPL-CLA$c20170331$lBLL01$h1848
=CAT  \\$aBATCH-UPD$b00$c20170904$lBLL01$h1902
=CAT  \\$aIPL-CLA$c20170929$lBLL01$h1732
=CAT  \\$aBATCH-UPD$b00$c20180223$lBLL01$h1735
=CAT  \\$aIPL-CLA$c20180331$lBLL01$h1624
=CAT  \\$aW1805-0475$c20180520$lBLL01$h1632
=CAT  \\$aBATCH-UPD$b00$c20180524$lBLL01$h1722
=CAT  \\$aIPL-CLA$c20180630$lBLL01$h1918
=CAT  \\$aW1908-0780$b00$c20200730$lBLL01$h1329
=CAT  \\$aCDS21$c20220118$lBLL01$h1105
=CAT  \\$aBATCH-UPD$b00$c20221121$lBLL01$h1400
=CAT  \\$a10806$b40$c20221122$lBLL01$h0901
=CAT  \\$aIPL-CLA$c20221231$lBLL01$h1447
=CAT  \\$a5410$b40$c20230305$lBLL01$h1114
=CFI  0\$aCurrent copyright fee: GBP29.95$c22\1$e01-jan-2023$fGBP29.95$g0$hP$5Uk
=CFI  2\$aPrevious copyright fee: GBP34.00$c22\1$e01-jul-2018$fGBP34.00$g0$hP$5Uk
=EST  \\$a1
=FFP  \\$aY$bBLDSS-3PM
=FIN  \\$aY$d20120928
=MNI  \\$a1064-2293
=SID  \\$aZ39$bOCLC
=TCO  \\$aTRS$bCCC$c008
=TOC  \\$aETOC
=UNO  \\$aY
=ACF  \\$aPrevious copyright fee: GBP21.25$c22\8$e01-jan-2009$fGBP21.25$g0$hP$5Uk
=ACF  \\$aPrevious copyright fee: GBP16.75$c22\8$e01-jan-2007$fGBP16.75$g0$hP$5Uk
=ACF  \\$aPrevious copyright fee: GBP16.22$c22\8$e01-oct-2006$fGBP16.22$g0$hP$5Uk
=ACF  \\$aPrevious Copyright Fee: GBP17.14$c22\8$e01-apr-2006$fGBP17.14$g0$hP$5Uk
=ACF  \\$aPrevious Copyright Fee: GBP16.67$c22\8$e24-mar-2006$fGBP16.67$g0$hP$5Uk
=ACF  \\$aPrevious copyright fee: GBP22.00$c22\8$e01-apr-2009$fGBP22.00$g0$hP$5Uk
=ACF  \\$aPrevious copyright fee: GBP22.00$c22\8$e12-aug-2012$fGBP22.00$g0$hP$5Uk
=ACF  \\$aPrevious copyright fee: GBP25.00$c22\8$e01-jan-2013$fGBP25.00$g0$hP$5Uk
=ACF  \\$aPrevious copyright fee: GBP25.77$c22\8$e01-jul-2013$fGBP25.77$g0$hP$5Uk
=ACF  \\$aPrevious copyright fee: GBP24.97$c22\8$e01-jan-2014$fGBP24.97$g0$hP$5Uk
=ACF  \\$aPrevious copyright fee: GBP24.21$c22\8$e01-jul-2014$fGBP24.21$g0$hP$5Uk
=ACF  \\$aPrevious copyright fee: GBP25.77$c22\8$e01-apr-2015$fGBP25.77$g0$hP$5Uk
=ACF  \\$aPrevious copyright fee: GBP26.63$c22\8$e01-jul-2015$fGBP26.63$g0$hP$5Uk
=ACF  \\$aPrevious copyright fee: GBP25.77$c22\8$e01-oct-2015$fGBP25.77$g0$hP$5Uk
=ACF  \\$aPrevious copyright fee: GBP27.55$c22\8$e01-apr-2016$fGBP27.55$g0$hP$5Uk
=ACF  \\$aPrevious copyright fee: GBP29.59$c22\8$e01-oct-2016$fGBP29.59$g0$hP$5Uk
=ACF  \\$aPrevious copyright fee: GBP31.96$c22\8$e01-apr-2017$fGBP31.96$g0$hP$5Uk
=ACF  \\$aPrevious copyright fee: GBP30.73$c22\8$e01-oct-2017$fGBP30.73$g0$hP$5Uk
=ACF  \\$aPrevious copyright fee: GBP28.54$c22\8$e01-apr-2018$fGBP28.54$g0$hP$5Uk
=LAS  \\$a5410$b40$c20230305$lBLL01$h1114

