=LDR  05867cas a2201285 a 4500
=001  013440746
=003  Uk
=005  20230322104843.0
=006  m\\\\\\\\d\\\\\\\\
=007  cr\un|||||||||
=008  050614c19679999ru\br\pss\\\\\0\\\a0eng\c
=FMT  \\$a  SE
=010  \\$a  2005215489
=022  \\$a1555-6174$y0031-0301
=035  \\$a(OCoLC)60627513
=040  \\$aOCoLC$cOCoLC$dNSDP$dOCoLC$dUk
=041  1\$aeng$hrus
=042  \\$ansdp$aukblsr
=043  \\$ae-ur---
=050  \4$aQE701$b.P5443
=082  04$a560.5$223
=130  0\$aPaleontologicheskiĭ zhurnal.$lEnglish (Online)
=210  0\$aPaleontol. j.$b(Online)
=222  \0$aPaleontological journal$b(Online)
=245  10$aPaleontological journal$h[electronic resource].
=260  \\$a[Silver Spring, Md., etc.] :$bScripta
=260  3\$a[Moscow] :$bMAIK Nauka/Interperiodica ;$a[Heidelberg] :$bdistributed by Springer Science+Business Media
=310  \\$aBimonthly,$b2012-
=321  \\$aMonthly (irregular),$b<2006>-2011
=336  \\$atext$2rdacontent
=337  \\$acomputer$2rdamedia
=338  \\$aonline resource$2rdacarrier
=362  1\$aPrint began with v. 1 in 1967.
=588  \\$aDescription based on print version record.
=588  \\$aLatest issue consulted: Vol. 46, no. 5 (SpringerLink, viewed Sept. 28, 2012).
=525  \\$aSupplements accompany some issues.
=530  \\$aAlso issued in print.
=540  \\$aCurrent copyright fee: GBP29.95$c22\1$5Uk
=650  \0$aPaleontology$vPeriodicals.
=650  \0$aPaleontology$zRussia (Federation)$vPeriodicals.
=650  \0$aFossils$zEurope, Eastern$vPeriodicals.
=650  \0$aFossils$zAsia$vPeriodicals.
=710  2\$aAmerican Geological Institute.
=765  08$iTranslated from the Russian:$tPaleontologicheskiĭ zhurnal
=776  1\$tPaleontological journal$x0031-0301
=856  \\$31850-9999$uhttp://www.springer.com/gb/$xBLDSS
=856  40$uhttp://firstsearch.oclc.org$zAddress for accessing the journal using authorization number and password through OCLC FirstSearch Electronic Collections Online
=856  40$uhttp://www.maik.rssi.ru/cgi-bin/journal.pl?name=paleng&page=main
=859  \\$aXLD$bejournal
=852  \\$aBritish Library$bDSC$j0416.675000$3Volume 40:Issue 1(2006)-Volume 52:Issue 1(2018)***See ESTAR for full holdings.
=945  \\$aPALEONTOLOGICAL JOURNAL C/C OF PALEONTOLOGICHESKII ZHURNAL
=959  \\$fHeld but not currently received
=979  \\$aBritish Library$bDSC$j0416.675000
=985  \\$aCONFERNCE ANALYTIC RECORDS EXIST
=CAT  \\$a7174$b40$c20060331$lBLL01$h1413
=CAT  \\$aBATCH-UPD$b00$c20150219$lBLL01$h1756
=CAT  \\$aIPL-CLA$c20150331$lBLL01$h1643
=CAT  \\$aBATCH-UPD$b00$c20150520$lBLL01$h1759
=CAT  \\$aIPL-CLA$c20150630$lBLL01$h1650
=CAT  \\$aBATCH-UPD$b00$c20150820$lBLL01$h1846
=CAT  \\$aIPL-CLA$c20150930$lBLL01$h1812
=CAT  \\$aBATCH-UPD$b00$c20160217$lBLL01$h1737
=CAT  \\$aIPL-CLA$c20160331$lBLL01$h1733
=CAT  \\$aBATCH-UPD$b00$c20160518$lBLL01$h1021
=CAT  \\$aBATCH-UPD$b00$c20160524$lBLL01$h2210
=CAT  \\$aBATCH-UPD$b00$c20160824$lBLL01$h1804
=CAT  \\$aIPL-CLA$c20160930$lBLL01$h1607
=CAT  \\$aBATCH-UPD$b00$c20170216$lBLL01$h1852
=CAT  \\$aIPL-CLA$c20170331$lBLL01$h1848
=CAT  \\$aBATCH-UPD$b00$c20170904$lBLL01$h1902
=CAT  \\$aIPL-CLA$c20170929$lBLL01$h1733
=CAT  \\$aBATCH-UPD$b00$c20180223$lBLL01$h1735
=CAT  \\$aIPL-CLA$c20180331$lBLL01$h1624
=CAT  \\$aW1805-0475$c20180520$lBLL01$h1632
=CAT  \\$aBATCH-UPD$b00$c20180524$lBLL01$h1722
=CAT  \\$aIPL-CLA$c20180630$lBLL01$h1918
=CAT  \\$aW1908-0780$b00$c20200730$lBLL01$h1329
=CAT  \\$aCDS21$c20220118$lBLL01$h1105
=CAT  \\$aBATCH-UPD$b00$c20221121$lBLL01$h1400
=CAT  \\$aIPL-CLA$c20221231$lBLL01$h1447
=CAT  \\$a5410$b40$c20230322$lBLL01$h1048
=CFI  0\$aCurrent copyright fee: GBP29.95$c22\1$e01-jan-2023$fGBP29.95$g0$hP$5Uk
=CFI  2\$aPrevious copyright fee: GBP34.00$c22\1$e01-jul-2018$fGBP34.00$g0$hP$5Uk
=EST  \\$a1
=FFP  \\$aY$bBLDSS-3PM
=FIN  \\$aY$d20120928
=MNI  \\$a0031-0301
=SRC  \\$aBLL02
=TCO  \\$aTRS$bCCC$c008
=TOC  \\$aETOC
=UNO  \\$aY
=ACF  \\$aPrevious copyright fee: GBP21.25$c22\8$e01-jan-2009$fGBP21.25$g0$hP$5Uk
=ACF  \\$aPrevious copyright fee: GBP16.75$c22\8$e01-jan-2007$fGBP16.75$g0$hP$5Uk
=ACF  \\$aPrevious copyright fee: GBP16.22$c22\8$e01-oct-2006$fGBP16.22$g0$hP$5Uk
=ACF  \\$aPrevious Copyright Fee: GBP17.14$c22\8$e01-apr-2006$fGBP17.14$g0$hP$5Uk
=ACF  \\$aPrevious copyright fee: GBP22.00$c22\8$e01-apr-2009$fGBP22.00$g0$hP$5Uk
=ACF  \\$aPrevious copyright fee: GBP22.00$c22\8$e12-aug-2012$fGBP22.00$g0$hP$5Uk
=ACF  \\$aPrevious copyright fee: GBP25.00$c22\8$e01-jan-2013$fGBP25.00$g0$hP$5Uk
=ACF  \\$aPrevious copyright fee: GBP25.77$c22\8$e01-jul-2013$fGBP25.77$g0$hP$5Uk
=ACF  \\$aPrevious copyright fee: GBP24.97$c22\8$e01-jan-2014$fGBP24.97$g0$hP$5Uk
=ACF  \\$aPrevious copyright fee: GBP24.21$c22\8$e01-jul-2014$fGBP24.21$g0$hP$5Uk
=ACF  \\$aPrevious copyright fee: GBP25.77$c22\8$e01-apr-2015$fGBP25.77$g0$hP$5Uk
=ACF  \\$aPrevious copyright fee: GBP26.63$c22\8$e01-jul-2015$fGBP26.63$g0$hP$5Uk
=ACF  \\$aPrevious copyright fee: GBP25.77$c22\8$e01-oct-2015$fGBP25.77$g0$hP$5Uk
=ACF  \\$aPrevious copyright fee: GBP27.55$c22\8$e01-apr-2016$fGBP27.55$g0$hP$5Uk
=ACF  \\$aPrevious copyright fee: GBP29.59$c22\8$e01-oct-2016$fGBP29.59$g0$hP$5Uk
=ACF  \\$aPrevious copyright fee: GBP31.96$c22\8$e01-apr-2017$fGBP31.96$g0$hP$5Uk
=ACF  \\$aPrevious copyright fee: GBP30.73$c22\8$e01-oct-2017$fGBP30.73$g0$hP$5Uk
=ACF  \\$aPrevious copyright fee: GBP28.54$c22\8$e01-apr-2018$fGBP28.54$g0$hP$5Uk
=LAS  \\$a5410$b40$c20230322$lBLL01$h1048

