=LDR  06107cas a2201261 a 4500
=001  013453180
=003  Uk
=005  20221231144733.0
=006  m\\\\\\\\d\\\\\\\\
=007  cr||||||||||||
=008  060425d1996200ugw\mr\pss\\\\\0\\\\0eng\d
=FMT  \\$a  SE
=022  \\$a1862-2771
=035  \\$a(OCoLC)67618381
=040  \\$aOCLCS$beng$cOCLCS$dOCLCS$dOCL$dVPI$dOCLCQ$dUk
=042  \\$aukblsr
=050  \4$aQD1$b.C78543
=082  04$a540.5$222
=130  0\$aZhongguo ke xue.$nB ji,$pHua xue.$lEnglish (Online)
=222  \0$aScience in China. Series B, Chemistry$b(Internet)
=245  10$aScience in China.$nSeries B,$pChemistry$h[electronic resource] /$cChinese Academy of Sciences.
=246  30$aScience in China.$pChemistry
=246  30$aChemistry
=246  13$aScientia Sinica.$nSeries B
=246  13$aZhongguo ke xue.$nB ji
=246  17$aScience in China.$nSeries B
=260  \\$aBeijing, China :$bScience in China Press ;$aBasel, Switzerland :$bGordon and Breach Science Publishers
=260  3\$aHeidelberg :$bScience China Press, co-published with Springer
=310  \\$aMonthly,$b2008-
=321  \\$aBimonthly,$b1996-2007
=336  \\$atext$2rdacontent
=337  \\$acomputer$2rdamedia
=338  \\$aonline resource$2rdacarrier
=362  1\$aPrint began with vol. 39, no. 1 (Feb. 1996); ceased with v. 52, issue 12 (2009)?
=530  \\$aAlso issued in print.
=538  \\$aMode of access: World Wide Web.
=580  \\$aIssued also in Chinese as: Zhongguo ke xue. B ji, Hua xue.
=500  \\$aDescription based on print version record.
=500  \\$aLatest issue consulted: Vol. 52, no. 12 (Dec. 2010) (SpringerLink, viewed Nov. 8, 2010).
=540  \\$aCurrent copyright fee: GBP29.95$c22\1$5Uk
=650  \0$aChemistry$vPeriodicals.
=710  2\$aZhongguo ke xue yuan.
=775  1\$tZhongguo ke xue. B ji, Hua xue
=776  08$iPrint version:$tZhongguo ke xue. B ji, Hua xue. English. Science in China. Series B, Chemistry$x1006-9291
=780  01$tScience in China. Series B, Chemistry, life sciences & earth sciences (Online)
=856  \\$31850-9999$uhttp://www.springer.com/gb/$xBLDSS
=856  40$uhttp://firstsearch.oclc.org$zAddress for accessing the journal using authorization number and password through OCLC FirstSearch Electronic Collections Online
=856  40$uhttp://www.springerlink.com/openurl.asp?genre=journal&issn=1006-9291
=859  \\$aXLD$bejournal
=852  \\$aBritish Library$bDSC$j8141.669500$3Volume 49:Issue 2(2006)-Volume 52:Issue 12(2009)***See ESTAR for full holdings.
=945  \\$aScience in China Series B Chemistry -English Edition-
=959  \\$fHeld but not currently received
=CAT  \\$a7174$b40$c20060424$lBLL01$h1155
=CAT  \\$aBLDSS-3PM$b00$c20150103$lBLL01$h1044
=CAT  \\$aBATCH-UPD$b00$c20150219$lBLL01$h1943
=CAT  \\$aIPL-CLA$c20150331$lBLL01$h1644
=CAT  \\$aBATCH-UPD$b00$c20150520$lBLL01$h1934
=CAT  \\$aIPL-CLA$c20150630$lBLL01$h1650
=CAT  \\$aBATCH-UPD$b00$c20150820$lBLL01$h2004
=CAT  \\$aIPL-CLA$c20150930$lBLL01$h1812
=CAT  \\$aBATCH-UPD$b00$c20160217$lBLL01$h1902
=CAT  \\$aIPL-CLA$c20160331$lBLL01$h1733
=CAT  \\$aBATCH-UPD$b00$c20160524$lBLL01$h2156
=CAT  \\$aBATCH-UPD$b00$c20160524$lBLL01$h2250
=CAT  \\$aBATCH-UPD$b00$c20160824$lBLL01$h1923
=CAT  \\$aIPL-CLA$c20160930$lBLL01$h1608
=CAT  \\$aBATCH-UPD$b00$c20170216$lBLL01$h2010
=CAT  \\$aIPL-CLA$c20170331$lBLL01$h1848
=CAT  \\$aBATCH-UPD$b00$c20170904$lBLL01$h2043
=CAT  \\$aIPL-CLA$c20170929$lBLL01$h1733
=CAT  \\$aBATCH-UPD$b00$c20180223$lBLL01$h1941
=CAT  \\$aIPL-CLA$c20180331$lBLL01$h1624
=CAT  \\$aBATCH-UPD$b00$c20180524$lBLL01$h1814
=CAT  \\$aIPL-CLA$c20180630$lBLL01$h1919
=CAT  \\$aW1908-0780$b00$c20200730$lBLL01$h1329
=CAT  \\$aCDS21$c20220118$lBLL01$h1105
=CAT  \\$aBATCH-UPD$b00$c20221121$lBLL01$h1401
=CAT  \\$aIPL-CLA$c20221231$lBLL01$h1447
=CFI  0\$aCurrent copyright fee: GBP29.95$c22\1$e01-jan-2023$fGBP29.95$g0$hP$5Uk
=CFI  2\$aPrevious copyright fee: GBP34.00$c22\1$e01-jul-2018$fGBP34.00$g0$hP$5Uk
=EST  \\$a1
=FFP  \\$aY$bBLDSS-3PM
=LKR  \\$aPAR$b009868749$lBLL01$r776$mScience in China. Series B, Chenistry (Online)$nSCIENCE IN CHINA SERIES B CHEMISTRY -ENGLISH EDITION-.
=MNI  \\$a1006-9291
=SID  \\$aZ39$bOCLC
=TCO  \\$aDEU$bVG WORT$c008
=TCO  \\$aZZZ$c008
=TOC  \\$aETOC
=UNO  \\$aY
=ACF  \\$aPrevious copyright fee: GBP21.25$c4\6$e01-jan-2009$fGBP21.25$g0$hP$5Uk
=ACF  \\$aPrevious copyright fee: GBP16.75$c4\6$e01-jan-2007$fGBP16.75$g0$hP$5Uk
=ACF  \\$aPrevious copyright fee: GBP16.22$c4\6$e01-oct-2006$fGBP16.22$g0$hP$5Uk
=ACF  \\$aPrevious Copyright Fee: GBP17.14$c4\6$e24-apr-2006$fGBP17.14$g0$hP$5Uk
=ACF  \\$aPrevious copyright fee: GBP22.00$c4\6$e01-apr-2009$fGBP22.00$g0$hP$5Uk
=ACF  \\$aPrevious copyright fee: GBP22.00$c4\6$e12-aug-2012$fGBP22.00$g0$hP$5Uk
=ACF  \\$aPrevious copyright fee: GBP25.00$c4\6$e01-jan-2013$fGBP25.00$g0$hP$5Uk
=ACF  \\$aPrevious copyright fee: GBP25.77$c4\6$e01-jul-2013$fGBP25.77$g0$hP$5Uk
=ACF  \\$aPrevious copyright fee: GBP24.97$c4\6$e01-jan-2014$fGBP24.97$g0$hP$5Uk
=ACF  \\$aPrevious copyright fee: GBP24.21$c4\6$e01-jul-2014$fGBP24.21$g0$hP$5Uk
=ACF  \\$aPrevious copyright fee: GBP25.77$c4\6$e01-apr-2015$fGBP25.77$g0$hP$5Uk
=ACF  \\$aPrevious copyright fee: GBP26.63$c4\6$e01-jul-2015$fGBP26.63$g0$hP$5Uk
=ACF  \\$aPrevious copyright fee: GBP25.77$c4\6$e01-oct-2015$fGBP25.77$g0$hP$5Uk
=ACF  \\$aPrevious copyright fee: GBP27.55$c4\6$e01-apr-2016$fGBP27.55$g0$hP$5Uk
=ACF  \\$aPrevious copyright fee: GBP29.59$c4\6$e01-oct-2016$fGBP29.59$g0$hP$5Uk
=ACF  \\$aPrevious copyright fee: GBP31.96$c4\6$e01-apr-2017$fGBP31.96$g0$hP$5Uk
=ACF  \\$aPrevious copyright fee: GBP30.73$c4\6$e01-oct-2017$fGBP30.73$g0$hP$5Uk
=ACF  \\$aPrevious copyright fee: GBP28.54$c4\6$e01-apr-2018$fGBP28.54$g0$hP$5Uk
=LAS  \\$aIPL-CLA$b00$c20221231$lBLL01$h1447

