=LDR  06037cas a2201261 a 4500
=001  013461991
=003  Uk
=005  20221231144735.0
=006  m\\\\\o\\d\\\\\\\\
=007  cr\cnu||||||||
=008  050801c20069999nyubr\pss\\\\\0\\\a0eng\c
=FMT  \\$a  SE
=010  \\$a  2005215691
=022  \\$a1557-1882$y1557-1874
=035  \\$a(OCoLC)61187362
=040  \\$aNSDP$cNSDP$dOCoLC$dMiEM$dCaQMU$dNSDP$dOCoLC$dUk
=042  \\$aukblsr$ansdp
=050  14$aRC533
=082  04$a362.29$223
=130  0\$aInternational journal of mental health and addiction (Online)
=222  \0$aInternational journal of mental health and addiction$b(Online)
=245  10$aInternational journal of mental health and addiction$h[electronic resource].
=260  \\$aNew York, NY :$bSpringer
=310  \\$aBimonthly,$b2011-
=321  \\$aQuarterly,$b2006-2010
=336  \\$atext$2rdacontent
=337  \\$acomputer$2rdamedia
=338  \\$aonline resource$2rdacarrier
=362  1\$aPrint began with vol. 4, no. 1 (Jan. 2006).
=588  \\$aDescription based on: Vol. 4, no. 1 (2006); title from journal information screen (FirstSearch, viewed Feb. 5, 2006).
=588  \\$aLatest issue consulted: Vol. 10, no. 5 (Oct. 2012).
=550  \\$aAffiliated wth: Auckland University of Technology (AUT), and the Dept. of Behavioral Medicine & Psychiatry, West Virginia University, <Oct. 2006- >.
=540  \\$aCurrent copyright fee: GBP34.95$c22\1$5Uk
=690  7\$aSocial Welfare$2blcoll
=650  \0$aAddicts$vPeriodicals.
=650  \0$aAddicts$xPsychology$vPeriodicals.
=650  \0$aCompulsive behavior$vPeriodicals.
=650  \0$aMental health$vPeriodicals.
=650  \0$aSubstance abuse$vPeriodicals.
=776  08$iPrint version:$tInternational journal of mental health and addiction$x1557-1874
=780  00$teCOMMUNITY$x1705-4583
=710  2\$aAuckland University of Technology (2000-2005)
=710  2\$aWest Virginia University.$bDepartment of Behavioral Medicine & Psychiatry.
=856  \\$31850-9999$uhttp://www.springer.com/gb/$xBLDSS
=856  40$uhttp://firstsearch.oclc.org$zAddress for accessing the journal using authorization number and password through OCLC FirstSearch Electronic Collections Online
=856  40$uhttp://www.springerlink.com/content/1557-1874
=859  \\$aXLD$bejournal
=852  \\$aBritish Library$bDSC$j4542.352005$3Volume 4:Issue 1(2006)-Volume 16:Issue 1(2018)***See ESTAR for full holdings.
=945  \\$aInternational journal of mental health and addiction
=959  \\$fHeld but not currently received
=979  \\$aBritish Library$bDSC$j4542.352005
=985  \\$aRecord amended for WR# 13/070
=CAT  \\$a7174$b40$c20060505$lBLL01$h1433
=CAT  \\$aBATCH-UPD$b00$c20150711$lBLL01$h1750
=CAT  \\$aBATCH-UPD$b00$c20150820$lBLL01$h1846
=CAT  \\$aIPL-CLA$c20150930$lBLL01$h1812
=CAT  \\$aBATCH-UPD$b00$c20160217$lBLL01$h1737
=CAT  \\$aIPL-CLA$c20160331$lBLL01$h1734
=CAT  \\$aBATCH-UPD$b00$c20160523$lBLL01$h1049
=CAT  \\$aBATCH-UPD$b00$c20160524$lBLL01$h2210
=CAT  \\$aBATCH-UPD$b00$c20160824$lBLL01$h1804
=CAT  \\$aIPL-CLA$c20160930$lBLL01$h1608
=CAT  \\$aBATCH-UPD$b00$c20170216$lBLL01$h1852
=CAT  \\$aIPL-CLA$c20170331$lBLL01$h1848
=CAT  \\$aBATCH-UPD$b00$c20170904$lBLL01$h1902
=CAT  \\$aIPL-CLA$c20170929$lBLL01$h1733
=CAT  \\$aBATCH-UPD$b00$c20180223$lBLL01$h1735
=CAT  \\$aIPL-CLA$c20180331$lBLL01$h1624
=CAT  \\$aW1805-0475$c20180520$lBLL01$h1632
=CAT  \\$aBATCH-UPD$b00$c20180524$lBLL01$h1722
=CAT  \\$aIPL-CLA$c20180630$lBLL01$h1919
=CAT  \\$aW1908-0780$b00$c20200730$lBLL01$h1329
=CAT  \\$a5552$b40$c20210813$lBLL01$h1214
=CAT  \\$aIPL-CLA$c20210930$lBLL01$h1528
=CAT  \\$aCDS21$c20220118$lBLL01$h1105
=CAT  \\$a5410$b40$c20221118$lBLL01$h1504
=CAT  \\$aBATCH-UPD$b40$c20221121$lBLL01$h1411
=CAT  \\$aIPL-CLA$c20221231$lBLL01$h1447
=CFI  0\$aCurrent copyright fee: GBP34.95$c22\1$e01-jan-2023$fGBP34.95$g0$hP$5Uk
=CFI  2\$aPrevious copyright fee: GBP43.00$c22\1$e01-oct-2021$fGBP43.00$g0$hP$5Uk
=EST  \\$a1
=FFP  \\$aY$bBLDSS-3PM
=FIN  \\$aY$d20121107
=MNI  \\$a1557-1874
=SRC  \\$aBLL02
=TCO  \\$aTRS$bCCC$c008
=TOC  \\$aETOC
=UNO  \\$aY
=ACF  \\$aPrevious copyright fee: GBP21.25$c22\8$e01-jan-2009$fGBP21.25$g0$hP$5Uk
=ACF  \\$aPrevious copyright fee: GBP16.75$c22\8$e01-jan-2007$fGBP16.75$g0$hP$5Uk
=ACF  \\$aPrevious copyright fee: GBP16.22$c22\8$e01-oct-2006$fGBP16.22$g0$hP$5Uk
=ACF  \\$aPrevious Copyright Fee: GBP17.14$c22\8$e05-may-2006$fGBP17.14$g0$hP$5Uk
=ACF  \\$aPrevious copyright fee: GBP22.00$c22\8$e01-apr-2009$fGBP22.00$g0$hP$5Uk
=ACF  \\$aPrevious copyright fee: GBP22.00$c22\8$e12-aug-2012$fGBP22.00$g0$hP$5Uk
=ACF  \\$aPrevious copyright fee: GBP25.00$c22\8$e01-jan-2013$fGBP25.00$g0$hP$5Uk
=ACF  \\$aPrevious copyright fee: GBP25.77$c22\8$e01-jul-2013$fGBP25.77$g0$hP$5Uk
=ACF  \\$aPrevious copyright fee: GBP24.97$c22\8$e01-jan-2014$fGBP24.97$g0$hP$5Uk
=ACF  \\$aPrevious copyright fee: GBP24.21$c22\8$e01-jul-2014$fGBP24.21$g0$hP$5Uk
=ACF  \\$aPrevious copyright fee: GBP25.77$c22\8$e01-apr-2015$fGBP25.77$g0$hP$5Uk
=ACF  \\$aPrevious copyright fee: GBP26.63$c22\8$e01-jul-2015$fGBP26.63$g0$hP$5Uk
=ACF  \\$aPrevious copyright fee: GBP25.77$c22\8$e01-oct-2015$fGBP25.77$g0$hP$5Uk
=ACF  \\$aPrevious copyright fee: GBP27.55$c22\8$e01-apr-2016$fGBP27.55$g0$hP$5Uk
=ACF  \\$aPrevious copyright fee: GBP29.59$c22\8$e01-oct-2016$fGBP29.59$g0$hP$5Uk
=ACF  \\$aPrevious copyright fee: GBP31.96$c22\8$e01-apr-2017$fGBP31.96$g0$hP$5Uk
=ACF  \\$aPrevious copyright fee: GBP30.73$c22\8$e01-oct-2017$fGBP30.73$g0$hP$5Uk
=ACF  \\$aPrevious copyright fee: GBP28.54$c22\8$e01-apr-2018$fGBP28.54$g0$hP$5Uk
=ACF  \\$aPrevious copyright fee: GBP34.00$c22\1$e01-jul-2018$fGBP34.00$g0$hP$5Uk
=LAS  \\$aIPL-CLA$b00$c20221231$lBLL01$h1447

