=LDR  06365cas a2201309 a 4500
=001  013499338
=003  Uk
=005  20230310175220.0
=006  m\\\\\o\\d\\\\\\\\
=007  cr\un|||||||||
=008  060630c19929999vb\br\pso\\\\\0\\\a0eng\c
=FMT  \\$a  SE
=010  \\$a2008233677
=022  0\$a1555-6492$l1019-3316$y1019-3316$202
=035  \\$a(OCoLC)70220376
=040  \\$aOCLCS$beng$cOCLCS$dOCLCS$dOCL$dGUA$dOCLCQ$dCUS$dOCLCQ$dUk
=041  1\$aeng$hrus
=042  \\$aukblsr$aissnuk
=050  14$aQ1
=050  14$aQ60$b.V453
=082  04$a505$223
=130  0\$aVestnik Rossiĭskoĭ akademii nauk.$lEnglish (Online)
=210  0\$aHer. Russ. Acad. Sci.$b(Online)
=222  \0$aHerald of the Russian Academy of Sciences$b(Online)
=245  10$aHerald of the Russian Academy of Sciences$h[electronic resource].
=260  \\$a[Moscow] :$bInterperiodica Pub
=264  21$a[New York?] :$bSpringer US
=264  31$a[Tortola, British Virgin Islands] :$bPleiades Publishing
=310  \\$aBimonthly,$b<2006>-
=321  \\$aMonthly,$b-<2005>
=336  \\$atext$2rdacontent
=337  \\$acomputer$2rdamedia
=338  \\$aonline resource$2rdacarrier
=362  1\$aPrint began with v. 62, no. 3 (Mar. 1992).
=500  \\$aPublished: Moscow, Russia : Pleiades publishing.
=530  \\$aAlso issued in print.
=538  \\$aMode of access: World Wide Web.
=580  \\$aOfficial English translation of: Vestnik Rossiĭskoĭ akademii nauk.
=588  \\$aDescription based on: Vol. 76, no. 1 (Jan. 2006), title from contents screen (SpringerLink, viewed Apr. 28, 2008).
=588  \\$aLatest issue consulted: volume 92, issue 5 (October 2022) (SpringerLink, viewed November 29, 2022).
=540  \\$aCurrent copyright fee: GBP29.95$c22\1$5Uk
=650  \0$aScience$vPeriodicals.
=710  2\$aRossiĭskai︠a︡ akademii︠a︡ nauk.
=776  1\$tVestnik Rossiĭskoĭ akademii nauk. English$x1019-3316
=856  \\$31850-9999$uhttp://www.springer.com/gb/$xBLDSS
=856  40$uhttp://firstsearch.oclc.org$zAddress for accessing the journal using authorization number and password through OCLC FirstSearch Electronic Collections Online
=856  40$uhttp://firstsearch.oclc.org/journal=1019-3316;screen=info;ECOIP$zAddress for accessing the journal from an authorized IP address through OCLC FirstSearch Electronic Collections Online
=856  40$uhttps://www.springer.com/journal/11480
=859  \\$aXLD$bejournal
=852  \\$aBritish Library$bDSC$j0412.076000$3Volume 76:Issue 1(2006)-Volume 88:Issue 1(2018)***See ESTAR for full holdings.
=945  \\$aHerald -Russian Academy of Sciences c/c of Vestnik- Rossiiskaia Akademiia Nauk
=959  \\$fHeld but not currently received
=979  \\$aBritish Library$bDSC$j0412.076000
=985  \\$aCONFERENCE ANALYTIC RECORDS EXIST
=985  \\$aISSN responsibility transferred from ISSN Russia (29/11/22)
=CAT  \\$a7174$b40$c20060627$lBLL01$h1551
=CAT  \\$aIPL-CLA$c20150331$lBLL01$h1645
=CAT  \\$aBATCH-UPD$b00$c20150520$lBLL01$h1759
=CAT  \\$aIPL-CLA$c20150630$lBLL01$h1651
=CAT  \\$aBATCH-UPD$b00$c20150820$lBLL01$h1846
=CAT  \\$aIPL-CLA$c20150930$lBLL01$h1813
=CAT  \\$aBATCH-UPD$b00$c20160217$lBLL01$h1737
=CAT  \\$aIPL-CLA$c20160331$lBLL01$h1734
=CAT  \\$aBATCH-UPD$b00$c20160524$lBLL01$h2211
=CAT  \\$aBATCH-UPD$b00$c20160525$lBLL01$h0024
=CAT  \\$aBATCH-UPD$b00$c20160824$lBLL01$h1804
=CAT  \\$aIPL-CLA$c20160930$lBLL01$h1608
=CAT  \\$aBATCH-UPD$b00$c20170216$lBLL01$h1852
=CAT  \\$aIPL-CLA$c20170331$lBLL01$h1849
=CAT  \\$aBATCH-UPD$b00$c20170904$lBLL01$h1902
=CAT  \\$aIPL-CLA$c20170929$lBLL01$h1733
=CAT  \\$aBATCH-UPD$b00$c20180223$lBLL01$h1735
=CAT  \\$aIPL-CLA$c20180331$lBLL01$h1625
=CAT  \\$aW1805-0475$c20180520$lBLL01$h1632
=CAT  \\$aBATCH-UPD$b00$c20180524$lBLL01$h1722
=CAT  \\$aIPL-CLA$c20180630$lBLL01$h1919
=CAT  \\$aW1908-0780$b00$c20200730$lBLL01$h1329
=CAT  \\$aCDS21$c20220118$lBLL01$h1105
=CAT  \\$aBATCH-UPD$b00$c20221121$lBLL01$h1401
=CAT  \\$a10806$b40$c20221129$lBLL01$h1048
=CAT  \\$aIPL-CLA$c20221231$lBLL01$h1447
=CAT  \\$a5410$b40$c20230310$lBLL01$h1752
=CFI  0\$aCurrent copyright fee: GBP29.95$c22\1$e01-jan-2023$fGBP29.95$g0$hP$5Uk
=CFI  2\$aPrevious copyright fee: GBP34.00$c22\1$e01-jul-2018$fGBP34.00$g0$hP$5Uk
=EST  \\$a1
=FFP  \\$aY$bBLDSS-3PM
=FIN  \\$aY$d20130905
=LKR  \\$aPAR$b009180813$lBLL01$r776$mHerald of the Russian Academy of Sciences$nHERALD- RUSSIAN ACADEMY OF SCIENCES.
=MNI  \\$a1019-3316
=SID  \\$aZ39$bOCLC
=TCO  \\$aTRS$bCCC$c008
=TOC  \\$aETOC
=UNO  \\$aY
=ACF  \\$aPrevious copyright fee: GBP21.25$c22\8$e01-jan-2009$fGBP21.25$g0$hP$5Uk
=ACF  \\$aPrevious copyright fee: GBP16.75$c22\8$e01-jan-2007$fGBP16.75$g0$hP$5Uk
=ACF  \\$aPrevious copyright fee: GBP16.22$c22\8$e01-oct-2006$fGBP16.22$g0$hP$5Uk
=ACF  \\$aPrevious Copyright Fee: GBP17.14$c22\8$e27-jun-2006$fGBP17.14$g0$hP$5Uk
=ACF  \\$aPrevious copyright fee: GBP22.00$c22\8$e01-apr-2009$fGBP22.00$g0$hP$5Uk
=ACF  \\$aPrevious copyright fee: GBP22.00$c22\8$e12-aug-2012$fGBP22.00$g0$hP$5Uk
=ACF  \\$aPrevious copyright fee: GBP25.00$c22\8$e01-jan-2013$fGBP25.00$g0$hP$5Uk
=ACF  \\$aPrevious copyright fee: GBP25.77$c22\8$e01-jul-2013$fGBP25.77$g0$hP$5Uk
=ACF  \\$aPrevious copyright fee: GBP24.97$c22\8$e01-jan-2014$fGBP24.97$g0$hP$5Uk
=ACF  \\$aPrevious copyright fee: GBP24.21$c22\8$e01-jul-2014$fGBP24.21$g0$hP$5Uk
=ACF  \\$aPrevious copyright fee: GBP25.77$c22\8$e01-apr-2015$fGBP25.77$g0$hP$5Uk
=ACF  \\$aPrevious copyright fee: GBP26.63$c22\8$e01-jul-2015$fGBP26.63$g0$hP$5Uk
=ACF  \\$aPrevious copyright fee: GBP25.77$c22\8$e01-oct-2015$fGBP25.77$g0$hP$5Uk
=ACF  \\$aPrevious copyright fee: GBP27.55$c22\8$e01-apr-2016$fGBP27.55$g0$hP$5Uk
=ACF  \\$aPrevious copyright fee: GBP29.59$c22\8$e01-oct-2016$fGBP29.59$g0$hP$5Uk
=ACF  \\$aPrevious copyright fee: GBP31.96$c22\8$e01-apr-2017$fGBP31.96$g0$hP$5Uk
=ACF  \\$aPrevious copyright fee: GBP30.73$c22\8$e01-oct-2017$fGBP30.73$g0$hP$5Uk
=ACF  \\$aPrevious copyright fee: GBP28.54$c22\8$e01-apr-2018$fGBP28.54$g0$hP$5Uk
=LAS  \\$a5410$b40$c20230310$lBLL01$h1752

