=LDR  05794cas a2201225 a 4500
=001  013509834
=003  Uk
=005  20230430123442.0
=006  m\\\\\o\\d\\\\\\\\
=007  cr\cnu||||||||
=008  060824c20069999ne\qx\pso\\\\\0\\\a0eng\d
=FMT  \\$a  SE
=016  7\$a101313787$2dnlm
=022  0\$a1871-2576$y1871-2584
=035  \\$a(OCoLC)71122981$z(OCoLC)240901735$z(OCoLC)300573406
=040  \\$aVPI$cVPI$dOCL$dMUQ$dSFB$dMDU$dCIT$dCUD$dOCLCQ$dUk
=042  \\$aukblsr
=050  14$aHN25
=060  00$aW1$bAP528VM
=082  04$a306$223
=130  0\$aApplied research in quality of life (Online)
=222  \0$aApplied research in quality of life$b(Online)
=245  10$aApplied research in quality of life$h[electronic resource].
=260  \\$aDordrecht :$bInternational Society for Quality of Life Studies :$bSpringer,$c2006-
=260  3\$a[Dordrecht] :$bSpringer Netherlands
=310  \\$a4 no. a year
=336  \\$atext$2rdacontent
=337  \\$acomputer$2rdamedia
=338  \\$aonline resource$2rdacarrier
=362  1\$aBegan with: v. 1, no. 1 (May 2006).
=588  \\$aTitle from journal information screen (SpringerLink, viewed Aug. 24, 2006).
=588  \\$aDescription based on: Vol. 7, no. 3 (Sept. 2012) (SpringerLink, viewed Oct. 30, 2012).
=515  \\$aSome no. combined.
=540  \\$aCurrent copyright fee: GBP29.95$c22\1$5Uk
=650  \0$aQuality of life$vPeriodicals.
=650  \0$aRehabilitation$vPeriodicals.
=650  \0$aTherapeutics$vPeriodicals.
=650  \0$aSocial indicators$vPeriodicals.
=650  \0$aHappiness$vPeriodicals.
=650  \0$aApplied sociology$vPeriodicals.
=650  \6$aQualité de la vie$vPériodiques.
=690  7\$aSocial Welfare$2blcoll
=710  2\$aInternational Society for Quality of Life Studies.
=776  08$iPrint version:$tApplied research in quality of life$x1871-2584
=856  \\$31850-9999$uhttp://www.springer.com/gb/$xBLDSS
=856  4\$uhttp://firstsearch.oclc.org$zAddress for accessing the journal using authorization number and password through OCLC FirstSearch Electronic Collections Online
=856  4\$uhttp://firstsearch.oclc.org/journal=1871-2584;screen=info;ECOIP$zAddress for accessing the journal from an authorized IP address through OCLC FirstSearch Electronic Collections Online
=856  40$uhttp://www.springerlink.com/content/120173
=856  40$uhttp://www.springerlink.com/openurl.asp?genre=journal&issn=1871-2584$zFull text available from SpringerLink Contemporary - NESLi2: 2006 to present
=859  \\$aXLD$bejournal
=852  41$aBritish Library$bDSC$j1576.577000$3Volume 1:Issue 1(2006)-Volume 13:Issue 1(2018)***See ESTAR for full holdings.
=945  \\$aApplied research in quality of life
=959  \\$fHeld but not currently received
=979  \\$aBritish Library$bDSC$j1576.577000
=CAT  \\$a7174$b40$c20060714$lBLL01$h1631
=CAT  \\$aIPL-CLA$c20150331$lBLL01$h1645
=CAT  \\$aBATCH-UPD$b00$c20150520$lBLL01$h1750
=CAT  \\$aIPL-CLA$c20150630$lBLL01$h1651
=CAT  \\$aBATCH-UPD$b00$c20150820$lBLL01$h1838
=CAT  \\$aIPL-CLA$c20150930$lBLL01$h1813
=CAT  \\$aBATCH-UPD$b00$c20160217$lBLL01$h1728
=CAT  \\$aIPL-CLA$c20160331$lBLL01$h1735
=CAT  \\$aBATCH-UPD$b00$c20160524$lBLL01$h2211
=CAT  \\$aBATCH-UPD$b00$c20160525$lBLL01$h0024
=CAT  \\$aBATCH-UPD$b00$c20160824$lBLL01$h1755
=CAT  \\$aIPL-CLA$c20160930$lBLL01$h1608
=CAT  \\$aBATCH-UPD$b00$c20170216$lBLL01$h1843
=CAT  \\$aIPL-CLA$c20170331$lBLL01$h1849
=CAT  \\$aBATCH-UPD$b00$c20170904$lBLL01$h1852
=CAT  \\$aIPL-CLA$c20170929$lBLL01$h1734
=CAT  \\$aBATCH-UPD$b00$c20180223$lBLL01$h1721
=CAT  \\$aIPL-CLA$c20180331$lBLL01$h1625
=CAT  \\$aW1805-0475$c20180520$lBLL01$h1632
=CAT  \\$aBATCH-UPD$b00$c20180524$lBLL01$h1714
=CAT  \\$aIPL-CLA$c20180630$lBLL01$h1919
=CAT  \\$aW1908-0780$b00$c20200730$lBLL01$h1329
=CAT  \\$aCDS21$c20220118$lBLL01$h1105
=CAT  \\$aBATCH-UPD$b00$c20221121$lBLL01$h1401
=CAT  \\$aIPL-CLA$c20221231$lBLL01$h1447
=CAT  \\$a5410$b40$c20230430$lBLL01$h1234
=CFI  0\$aCurrent copyright fee: GBP29.95$c22\1$e01-jan-2023$fGBP29.95$g0$hP$5Uk
=CFI  2\$aPrevious copyright fee: GBP34.00$c22\1$e01-jul-2018$fGBP34.00$g0$hP$5Uk
=EST  \\$a1
=FFP  \\$aY$bBLDSS-3PM
=FIN  \\$aY$d20121030
=MNI  \\$a1871-2584
=SID  \\$aZ39$bOCLC
=TCO  \\$aNLD$bSTICHTING REPRORECHT$c008
=TOC  \\$aETOC
=UNO  \\$aY
=ACF  \\$aPrevious Copyright Fee: GBP17.14$c22\3$e14-jul-2006$fGBP17.14$g0$hP$5Uk
=ACF  \\$aPrevious copyright fee: GBP22.00$c22\3$e12-aug-2012$fGBP22.00$g0$hP$5Uk
=ACF  \\$aPrevious copyright fee: GBP25.00$c22\3$e01-jan-2013$fGBP25.00$g0$hP$5Uk
=ACF  \\$aPrevious copyright fee: GBP25.77$c22\3$e01-jul-2013$fGBP25.77$g0$hP$5Uk
=ACF  \\$aPrevious copyright fee: GBP24.97$c22\3$e01-jan-2014$fGBP24.97$g0$hP$5Uk
=ACF  \\$aPrevious copyright fee: GBP24.21$c22\3$e01-jul-2014$fGBP24.21$g0$hP$5Uk
=ACF  \\$aPrevious copyright fee: GBP25.77$c22\3$e01-apr-2015$fGBP25.77$g0$hP$5Uk
=ACF  \\$aPrevious copyright fee: GBP26.63$c22\3$e01-jul-2015$fGBP26.63$g0$hP$5Uk
=ACF  \\$aPrevious copyright fee: GBP25.77$c22\3$e01-oct-2015$fGBP25.77$g0$hP$5Uk
=ACF  \\$aPrevious copyright fee: GBP27.55$c22\3$e01-apr-2016$fGBP27.55$g0$hP$5Uk
=ACF  \\$aPrevious copyright fee: GBP29.59$c22\3$e01-oct-2016$fGBP29.59$g0$hP$5Uk
=ACF  \\$aPrevious copyright fee: GBP31.96$c22\3$e01-apr-2017$fGBP31.96$g0$hP$5Uk
=ACF  \\$aPrevious copyright fee: GBP30.73$c22\3$e01-oct-2017$fGBP30.73$g0$hP$5Uk
=ACF  \\$aPrevious copyright fee: GBP28.54$c22\3$e01-apr-2018$fGBP28.54$g0$hP$5Uk
=LAS  \\$a5410$b40$c20230430$lBLL01$h1234

