=LDR  06138cas a2201333 a 4500
=001  013574349
=003  Uk
=005  20230401112213.0
=006  m\\\\\o\\d\\\\\\\\
=007  cr\|n|||||||||
=008  040903c19929999cc\br\p\o\\\\\0\\\a0eng\\
=FMT  \\$a  SE
=010  \\$a  2011211195
=015  \\$a016767381$2dnb
=016  \\$a1148132-8$2de-600
=016  \\$a010492536
=022  \\$a1993-033X$l1003-2169$y1003-2169
=035  \\$a(OCoLC)798058456
=040  \\$aNz$beng$cAUD$dOCLCO$dOCLCQ$dOCLCF$dOCLCO$dUk
=042  \\$aukblsr
=050  00$aQC310.15$b.J68
=082  04$a536$223
=130  0\$aJournal of thermal science (Online)
=222  \0$aJournal of thermal science$b(Online)
=245  10$aJournal of thermal science$h[electronic resource] :$binternational journal of thermal and fluid sciences.
=246  30$aInternational journal of thermal and fluid sciences
=260  \\$3<2002->$aBeijing :$bJournal of thermal Science :$bDistributed by Institute of Engineering Thermophysics, Chinese Academy of Sciences
=260  3\$3<2010->$aBeijing :$bScience Press :$bSpringer
=310  \\$aBimonthly,$b<2010->
=321  \\$aQuarterly,$b<2002->
=336  \\$atext$2rdacontent
=337  \\$acomputer$2rdamedia
=338  \\$aonline resource$2rdacarrier
=362  1\$aBegan in 1992.
=500  \\$aAvailable through: SpringerLINK - SHEDL.
=506  \\$aAvailable only to authorized users.
=538  \\$aMode of access: World Wide Web.
=588  \\$aDescription based on: Vol. 11, no. 2 (Apr./June 2002); title from cover.
=588  \\$aLatest issue consulted: volume 23, issue 5 (October 2014)(SpringerLink, viewed October 14, 2014).
=540  \\$aCurrent copyright fee: GBP29.95$c22\1$5Uk
=650  \0$aThermodynamics$vPeriodicals.
=650  \0$aHeat$xTransmission$vPeriodicals.
=650  \0$aCombustion$vPeriodicals.
=650  \0$aFluid mechanics$vPeriodicals.
=650  \7$aCombustion.$2fast
=650  \7$aFluid mechanics.$2fast
=650  \7$aHeat$xTransmission.$2fast
=650  \7$aThermodynamics.$2fast
=655  \7$aPeriodicals.$2fast
=710  2\$aZhongguo ke xue yuan.$bGong cheng re wu li yan jiu suo.
=740  0\$aSpringerLINK - SHEDL.
=856  \\$31850-9999$uhttp://www.springer.com/gb/$xBLDSS
=856  40$uhttp://link.springer.com/journal/11630/23/5/page/1
=856  40$uhttp://www.springerlink.com/openurl.asp?genre=journal&issn=1003-2169$zFull text from SpringerLINK - SHEDL: 01/01/1997 to present (Requires University Computer Account login off-campus)
=859  \\$aXLD$bejournal
=852  \\$aBritish Library$bDSC$j5069.098500$3Volume 6:Issue 1(1997)-Volume 27:Issue 2(2018)***See ESTAR for full holdings.
=945  \\$aJournal of thermal science
=959  \\$fHeld but not currently received
=979  \\$aBritish Library$bDSC$j5069.098500
=CAT  \\$a7174$b40$c20061011$lBLL01$h1451
=CAT  \\$aBATCH-UPD$b00$c20150520$lBLL01$h1707
=CAT  \\$aIPL-CLA$c20150630$lBLL01$h1652
=CAT  \\$aBATCH-UPD$b00$c20150820$lBLL01$h1756
=CAT  \\$aIPL-CLA$c20150930$lBLL01$h1814
=CAT  \\$aBATCH-UPD$b00$c20160217$lBLL01$h1643
=CAT  \\$aIPL-CLA$c20160331$lBLL01$h1736
=CAT  \\$aBATCH-UPD$b00$c20160524$lBLL01$h2157
=CAT  \\$aBATCH-UPD$b00$c20160524$lBLL01$h2251
=CAT  \\$aBATCH-016$c20160608$lBLL01$h1430
=CAT  \\$aBATCH-UPD$b00$c20160824$lBLL01$h1721
=CAT  \\$aIPL-CLA$c20160930$lBLL01$h1609
=CAT  \\$aBATCH-UPD$b00$c20170216$lBLL01$h1807
=CAT  \\$aIPL-CLA$c20170331$lBLL01$h1850
=CAT  \\$aBATCH-UPD$b00$c20170904$lBLL01$h1810
=CAT  \\$aIPL-CLA$c20170929$lBLL01$h1734
=CAT  \\$aBATCH-UPD$b00$c20180223$lBLL01$h1626
=CAT  \\$aIPL-CLA$c20180331$lBLL01$h1626
=CAT  \\$aW1805-0475$c20180520$lBLL01$h1632
=CAT  \\$aBATCH-UPD$b00$c20180524$lBLL01$h1658
=CAT  \\$aIPL-CLA$c20180630$lBLL01$h1920
=CAT  \\$aW1908-0780$b00$c20200730$lBLL01$h1330
=CAT  \\$aCDS21$c20220118$lBLL01$h1105
=CAT  \\$aBATCH-UPD$b00$c20221121$lBLL01$h1401
=CAT  \\$aIPL-CLA$c20221231$lBLL01$h1447
=CAT  \\$a5410$b40$c20230401$lBLL01$h1122
=CFI  0\$aCurrent copyright fee: GBP29.95$c22\1$e01-jan-2023$fGBP29.95$g0$hP$5Uk
=CFI  2\$aPrevious copyright fee: GBP34.00$c22\1$e01-jul-2018$fGBP34.00$g0$hP$5Uk
=EST  \\$a1
=FFP  \\$aY$bBLDSS-3PM
=FIN  \\$aY$d20141014
=LKR  \\$aPAR$b010492536$lBLL01$r776$mJournal of thermal science (Online)$nJournal of thermal science (Print)
=MNI  \\$a1003-2169
=SID  \\$aZ39$bOCLC
=TCO  \\$aZZZ$c008
=TOC  \\$aETOC
=UNO  \\$aY
=ACF  \\$aPrevious copyright fee: GBP21.25$c13\4$e01-jan-2009$fGBP21.25$g0$hP$5Uk
=ACF  \\$aPrevious copyright fee: GBP16.75$c13\4$e01-jan-2007$fGBP16.75$g0$hP$5Uk
=ACF  \\$aPrevious Copyright Fee: GBP16.22$c13\4$e11-oct-2006$fGBP16.22$g0$hP$5Uk
=ACF  \\$aPrevious copyright fee: GBP22.00$c13\4$e01-apr-2009$fGBP22.00$g0$hP$5Uk
=ACF  \\$aPrevious copyright fee: GBP22.00$c13\4$e12-aug-2012$fGBP22.00$g0$hP$5Uk
=ACF  \\$aPrevious copyright fee: GBP25.00$c13\4$e01-jan-2013$fGBP25.00$g0$hP$5Uk
=ACF  \\$aPrevious copyright fee: GBP25.77$c13\4$e01-jul-2013$fGBP25.77$g0$hP$5Uk
=ACF  \\$aPrevious copyright fee: GBP24.97$c13\4$e01-jan-2014$fGBP24.97$g0$hP$5Uk
=ACF  \\$aPrevious copyright fee: GBP24.21$c13\4$e01-jul-2014$fGBP24.21$g0$hP$5Uk
=ACF  \\$aPrevious copyright fee: GBP25.77$c13\4$e01-apr-2015$fGBP25.77$g0$hP$5Uk
=ACF  \\$aPrevious copyright fee: GBP26.63$c13\4$e01-jul-2015$fGBP26.63$g0$hP$5Uk
=ACF  \\$aPrevious copyright fee: GBP25.77$c13\4$e01-oct-2015$fGBP25.77$g0$hP$5Uk
=ACF  \\$aPrevious copyright fee: GBP27.55$c13\4$e01-apr-2016$fGBP27.55$g0$hP$5Uk
=ACF  \\$aPrevious copyright fee: GBP29.59$c13\4$e01-oct-2016$fGBP29.59$g0$hP$5Uk
=ACF  \\$aPrevious copyright fee: GBP31.96$c13\4$e01-apr-2017$fGBP31.96$g0$hP$5Uk
=ACF  \\$aPrevious copyright fee: GBP30.73$c13\4$e01-oct-2017$fGBP30.73$g0$hP$5Uk
=ACF  \\$aPrevious copyright fee: GBP28.54$c13\4$e01-apr-2018$fGBP28.54$g0$hP$5Uk
=LAS  \\$a5410$b40$c20230401$lBLL01$h1122

