=LDR  05486cas a2201165 a 4500
=001  013586401
=003  Uk
=005  20221231144757.0
=006  m\\\\\\\\d\\\\\\\\
=007  cr\|||||||||||
=008  081001d2006200ugw\br\p\s\\\\\0\\\a0eng\c
=FMT  \\$a  SE
=010  \\$a2009242255
=022  \\$a1862-281X$y1006-9321
=035  \\$a(OCoLC)259715782
=040  \\$aOH1$cOH1$dMYG$dUk
=042  \\$aukblsr
=050  14$aT1$b.S454
=082  04$a605$222
=130  0\$aScience in China (Beijing, China : 2006 : Online).$pSeries E, Technological sciences.
=222  \0$aScience in China. Series E, Technological sciences$b(Internet)
=245  10$aScience in China.$nSeries E,$pTechnological sciences$h[electronic resource].
=246  30$aScience in China.$pTechnological sciences
=246  13$aTechnological sciences
=260  \\$aHeidelberg :$bSP Science in China Press
=310  \\$aBimonthly
=336  \\$atext$2rdacontent
=337  \\$acomputer$2rdamedia
=338  \\$aonline resource$2rdacarrier
=362  1\$aBegan with: Vol. 49, no. 1 (Feb. 2006); ceased with v. 52, issue 12 (2009)?
=500  \\$aDescription based on: Vol. 49, no. 1 (Jan. 2006); title from journal information screen (SpringerLink, viewed Aug. 4, 2009).
=500  \\$aLatest issue consulted: Vol. 52, no. 8 (Aug. 2009) (SpringerLink, viewed Aug. 4, 2009).
=525  \\$aIncludes occasional supplements.
=540  \\$aCurrent copyright fee: GBP29.95$c22\1$5Uk
=650  \0$aTechnology$vPeriodicals.
=780  00$tScience in China. Series E (2006 : Online)
=776  08$iAlso issued in print:$tScience in China (Beijing, China : 2006). Series E, Technological sciences
=856  \\$31850-9999$uhttp://www.springer.com/gb/$xBLDSS
=856  40$uhttp://rave.ohiolink.edu/ejournals/issn/10069321/$zConnect to resource
=856  40$uhttp://www.springerlink.com/content/1006-9321
=859  \\$aXLD$bejournal
=852  41$aBritish Library$bDSC$j8141.670503$3Volume 49:Issue 2(2006)-Volume 52:Issue 12(2009)***See ESTAR for full holdings.
=945  \\$aScience in China Series E Technological sciences -English edition new series-
=959  \\$fHeld but not currently received
=CAT  \\$a7174$b40$c20061026$lBLL01$h1153
=CAT  \\$aBATCH-UPD$b00$c20150219$lBLL01$h1943
=CAT  \\$aIPL-CLA$c20150331$lBLL01$h1646
=CAT  \\$aBATCH-UPD$b00$c20150520$lBLL01$h1934
=CAT  \\$aIPL-CLA$c20150630$lBLL01$h1653
=CAT  \\$aBATCH-UPD$b00$c20150820$lBLL01$h2004
=CAT  \\$aIPL-CLA$c20150930$lBLL01$h1814
=CAT  \\$aBATCH-UPD$b00$c20160217$lBLL01$h1902
=CAT  \\$aIPL-CLA$c20160331$lBLL01$h1736
=CAT  \\$aBATCH-UPD$b00$c20160524$lBLL01$h2157
=CAT  \\$aBATCH-UPD$b00$c20160524$lBLL01$h2251
=CAT  \\$aBATCH-UPD$b00$c20160824$lBLL01$h1923
=CAT  \\$aIPL-CLA$c20160930$lBLL01$h1610
=CAT  \\$aBATCH-UPD$b00$c20170216$lBLL01$h2010
=CAT  \\$aIPL-CLA$c20170331$lBLL01$h1850
=CAT  \\$aBATCH-UPD$b00$c20170904$lBLL01$h2043
=CAT  \\$aIPL-CLA$c20170929$lBLL01$h1735
=CAT  \\$aBATCH-UPD$b00$c20180223$lBLL01$h1941
=CAT  \\$aIPL-CLA$c20180331$lBLL01$h1626
=CAT  \\$aBATCH-UPD$b00$c20180524$lBLL01$h1814
=CAT  \\$a8874$b40$c20180531$lBLL01$h1410
=CAT  \\$aIPL-CLA$c20180630$lBLL01$h1920
=CAT  \\$aW1908-0780$b00$c20200730$lBLL01$h1330
=CAT  \\$aCDS21$c20220118$lBLL01$h1105
=CAT  \\$aBATCH-UPD$b00$c20221121$lBLL01$h1401
=CAT  \\$aIPL-CLA$c20221231$lBLL01$h1447
=CFI  0\$aCurrent copyright fee: GBP29.95$c22\1$e01-jan-2023$fGBP29.95$g0$hP$5Uk
=CFI  2\$aPrevious copyright fee: GBP34.00$c22\1$e01-jul-2018$fGBP34.00$g0$hP$5Uk
=EST  \\$a1
=FFP  \\$aY$bBLDSS-3PM
=FIN  \\$aY$d20101029
=LKR  \\$aPAR$b013453315$lBLL01$r78000$mScience in China$nScience in China Series E
=MNI  \\$a1006-9321
=SID  \\$aZ39$bOCLC
=TCO  \\$aDEU$bVG WORT$c008
=TCO  \\$aZZZ$c008
=TOC  \\$aETOC
=UNO  \\$aY
=ACF  \\$aPrevious copyright fee: GBP21.25$c4\6$e01-jan-2009$fGBP21.25$g0$hP$5Uk
=ACF  \\$aPrevious copyright fee: GBP16.75$c4\6$e01-jan-2007$fGBP16.75$g0$hP$5Uk
=ACF  \\$aPrevious Copyright Fee: GBP16.22$c4\6$e26-oct-2006$fGBP16.22$g0$hP$5Uk
=ACF  \\$aPrevious copyright fee: GBP22.00$c4\6$e01-apr-2009$fGBP22.00$g0$hP$5Uk
=ACF  \\$aPrevious copyright fee: GBP22.00$c4\6$e12-aug-2012$fGBP22.00$g0$hP$5Uk
=ACF  \\$aPrevious copyright fee: GBP25.00$c4\6$e01-jan-2013$fGBP25.00$g0$hP$5Uk
=ACF  \\$aPrevious copyright fee: GBP25.77$c4\6$e01-jul-2013$fGBP25.77$g0$hP$5Uk
=ACF  \\$aPrevious copyright fee: GBP24.97$c4\6$e01-jan-2014$fGBP24.97$g0$hP$5Uk
=ACF  \\$aPrevious copyright fee: GBP24.21$c4\6$e01-jul-2014$fGBP24.21$g0$hP$5Uk
=ACF  \\$aPrevious copyright fee: GBP25.77$c4\6$e01-apr-2015$fGBP25.77$g0$hP$5Uk
=ACF  \\$aPrevious copyright fee: GBP26.63$c4\6$e01-jul-2015$fGBP26.63$g0$hP$5Uk
=ACF  \\$aPrevious copyright fee: GBP25.77$c4\6$e01-oct-2015$fGBP25.77$g0$hP$5Uk
=ACF  \\$aPrevious copyright fee: GBP27.55$c4\6$e01-apr-2016$fGBP27.55$g0$hP$5Uk
=ACF  \\$aPrevious copyright fee: GBP29.59$c4\6$e01-oct-2016$fGBP29.59$g0$hP$5Uk
=ACF  \\$aPrevious copyright fee: GBP31.96$c4\6$e01-apr-2017$fGBP31.96$g0$hP$5Uk
=ACF  \\$aPrevious copyright fee: GBP30.73$c4\6$e01-oct-2017$fGBP30.73$g0$hP$5Uk
=ACF  \\$aPrevious copyright fee: GBP28.54$c4\6$e01-apr-2018$fGBP28.54$g0$hP$5Uk
=LAS  \\$aIPL-CLA$b00$c20221231$lBLL01$h1447

