=LDR  05665cas a2201201 a 4500
=001  013647153
=003  Uk
=005  20230425084252.0
=006  m\\\\\o\\d\\\\\\\\
=007  cr\mn|||||||||
=008  070420c20079999gw\mr\pso\\\\\0\\\a0eng\d
=FMT  \\$a  SE
=022  \\$a1951-6401
=035  \\$a(OCoLC)123336245
=040  \\$aCPV$cCPV$dOCL$dNLGGC$dCIT$dOCLCQ
=042  \\$aukblsr
=050  14$aQC1
=082  04$a530.05$223
=084  \\$a33.00$2bcl
=130  0\$aEuropean physical journal.$pSpecial topics (Online)
=210  1\$aEur. phys. j., spec. top.$b(Online)
=222  \4$aThe European physical journal. Special topics
=245  14$aThe European physical journal.$nSpecial topics$h[electronic resource].
=246  3\$aEPJ.$nST
=260  \\$aLes Ulis, France :$bEDP Sciences,$c2007-
=264  31$a[Berlin] :$bSpringer Berlin Heidelberg
=310  \\$aMonthly
=336  \\$atext$2rdacontent
=337  \\$acomputer$2rdamedia
=338  \\$aonline resource$2rdacarrier
=362  0\$aVol. 140, no. 1 (Jan. 2007)-
=500  \\$aSome issues also have distinctive titles.
=500  \\$aTitle from title page (SpringerLink, viewed on Apr. 12, 2007).
=588  \\$aLatest issue consulted: volume 222, issue 9 (October 2013) (SpringerLink, viewed October 16, 2013).
=540  \\$aCurrent copyright fee: GBP29.95$c22\1$5Uk
=650  \0$aPhysics$vPeriodicals.
=710  2\$aEDP Sciences.
=776  08$iPrint version:$tEuropean physical journal. Special topics$x1951-6355
=780  00$tJournal de physique. IV
=856  \\$31850-9999$uhttp://www.springer.com/gb/$xBLDSS
=856  4\$uhttp://firstsearch.oclc.org$zAddress for accessing the journal using authorization number and password through OCLC FirstSearch Electronic Collections Online
=856  4\$uhttp://firstsearch.oclc.org/journal=1951-6355;screen=info;ECOIP$zAddress for accessing the journal from an authorized IP address through OCLC FirstSearch Electronic Collections Online
=856  40$uhttp://www.springerlink.com/content/1951-6401/
=859  \\$aXLD$bejournal
=852  41$aBritish Library$bDSC$j3829.779240$3Volume 140(2007)-Volume 226:Issue 15(2017)***See ESTAR for full holdings.
=945  \\$aEuropean physical journal special topics
=959  \\$fHeld but not currently received
=979  \\$aBritish Library$bDSC$j3829.779240
=CAT  \\$a7174$b40$c20070118$lBLL01$h1042
=CAT  \\$aBATCH-UPD$b00$c20150219$lBLL01$h1743
=CAT  \\$aIPL-CLA$c20150331$lBLL01$h1647
=CAT  \\$aBATCH-UPD$b00$c20150520$lBLL01$h1750
=CAT  \\$aIPL-CLA$c20150630$lBLL01$h1653
=CAT  \\$aBATCH-UPD$b00$c20150820$lBLL01$h1838
=CAT  \\$aIPL-CLA$c20150930$lBLL01$h1815
=CAT  \\$aBATCH-UPD$b00$c20160217$lBLL01$h1728
=CAT  \\$aIPL-CLA$c20160331$lBLL01$h1738
=CAT  \\$aBATCH-UPD$b00$c20160524$lBLL01$h2211
=CAT  \\$aBATCH-UPD$b00$c20160525$lBLL01$h0026
=CAT  \\$aBATCH-UPD$b00$c20160824$lBLL01$h1755
=CAT  \\$aIPL-CLA$c20160930$lBLL01$h1611
=CAT  \\$aBATCH-UPD$b00$c20170216$lBLL01$h1843
=CAT  \\$aIPL-CLA$c20170331$lBLL01$h1851
=CAT  \\$aBATCH-UPD$b00$c20170904$lBLL01$h1852
=CAT  \\$aIPL-CLA$c20170929$lBLL01$h1736
=CAT  \\$aBATCH-UPD$b00$c20180223$lBLL01$h1722
=CAT  \\$aIPL-CLA$c20180331$lBLL01$h1627
=CAT  \\$aW1805-0475$c20180520$lBLL01$h1632
=CAT  \\$aBATCH-UPD$b00$c20180524$lBLL01$h1714
=CAT  \\$aIPL-CLA$c20180630$lBLL01$h1921
=CAT  \\$aW1908-0780$b00$c20200730$lBLL01$h1330
=CAT  \\$aCDS21$c20220118$lBLL01$h1105
=CAT  \\$aBATCH-UPD$b00$c20221121$lBLL01$h1401
=CAT  \\$aIPL-CLA$c20221231$lBLL01$h1448
=CAT  \\$a5410$b40$c20230425$lBLL01$h0842
=CFI  0\$aCurrent copyright fee: GBP29.95$c22\1$e01-jan-2023$fGBP29.95$g0$hP$5Uk
=CFI  2\$aPrevious copyright fee: GBP34.00$c22\1$e01-jul-2018$fGBP34.00$g0$hP$5Uk
=EST  \\$a1
=FFP  \\$aY$bBLDSS-3PM
=FIN  \\$aY$d20131016
=LKR  \\$aPAR$b013887787$lBLL01$nThe European physical journal. Special topics (Print)$mThe European physical journal. Special topics (Online)$r776
=MNI  \\$a1951-6355
=SID  \\$aZ39$bOCLC
=TCO  \\$aDEU$bVG WORT$c008
=TOC  \\$aETOC
=UNO  \\$aY
=ACF  \\$aPrevious copyright fee: GBP21.25$c22\3$e01-jan-2009$fGBP21.25$g0$hP$5Uk
=ACF  \\$aPrevious Copyright Fee: GBP16.75$c22\3$e18-jan-2007$fGBP16.75$g0$hP$5Uk
=ACF  \\$aPrevious copyright fee: GBP22.00$c22\3$e01-apr-2009$fGBP22.00$g0$hP$5Uk
=ACF  \\$aPrevious copyright fee: GBP22.00$c22\3$e12-aug-2012$fGBP22.00$g0$hP$5Uk
=ACF  \\$aPrevious copyright fee: GBP25.00$c22\3$e01-jan-2013$fGBP25.00$g0$hP$5Uk
=ACF  \\$aPrevious copyright fee: GBP25.77$c22\3$e01-jul-2013$fGBP25.77$g0$hP$5Uk
=ACF  \\$aPrevious copyright fee: GBP24.97$c22\3$e01-jan-2014$fGBP24.97$g0$hP$5Uk
=ACF  \\$aPrevious copyright fee: GBP24.21$c22\3$e01-jul-2014$fGBP24.21$g0$hP$5Uk
=ACF  \\$aPrevious copyright fee: GBP25.77$c22\3$e01-apr-2015$fGBP25.77$g0$hP$5Uk
=ACF  \\$aPrevious copyright fee: GBP26.63$c22\3$e01-jul-2015$fGBP26.63$g0$hP$5Uk
=ACF  \\$aPrevious copyright fee: GBP25.77$c22\3$e01-oct-2015$fGBP25.77$g0$hP$5Uk
=ACF  \\$aPrevious copyright fee: GBP27.55$c22\3$e01-apr-2016$fGBP27.55$g0$hP$5Uk
=ACF  \\$aPrevious copyright fee: GBP29.59$c22\3$e01-oct-2016$fGBP29.59$g0$hP$5Uk
=ACF  \\$aPrevious copyright fee: GBP31.96$c22\3$e01-apr-2017$fGBP31.96$g0$hP$5Uk
=ACF  \\$aPrevious copyright fee: GBP30.73$c22\3$e01-oct-2017$fGBP30.73$g0$hP$5Uk
=ACF  \\$aPrevious copyright fee: GBP28.54$c22\3$e01-apr-2018$fGBP28.54$g0$hP$5Uk
=LAS  \\$a5410$b40$c20230425$lBLL01$h0842

