=LDR  06069cas a2201273 a 4500
=001  013648515
=003  Uk
=005  20230313134823.0
=006  m\\\\\o\\d\\\\\\\\
=007  cr\un|||||||||
=008  050614d19822017cc\br\pso\\\\\0\\\a0eng\d
=FMT  \\$a  SE
=022  \\$a1993-5005$l0254-4059
=035  \\$a(OCoLC)60625972$z(OCoLC)300647055
=040  \\$aOCLCS$beng$cOCLCS$dOCL$dCIT$dOCLCQ$dUk
=042  \\$aukblsr
=050  14$aGC57
=082  04$a551.46$223
=130  0\$aChinese journal of oceanology and limnology (Online)
=210  1\$aChin. j. oceanol. limnol.$b(Online)
=222  \0$aChinese journal of oceanology and limnology$b(Online)
=245  10$aChinese journal of oceanology and limnology$h[electronic resource].
=246  31$aZhongguo hai yang hu zhao xue bao
=260  \\$aBeijing, China :$bScience Press
=310  \\$aBimonthly,$b2010-
=321  \\$aQuarterly,$b1986-2009
=321  \\$a2 no. a year,$b1982-1985
=336  \\$atext$2rdacontent
=337  \\$acomputer$2rdamedia
=338  \\$aonline resource$2rdacarrier
=362  1\$aPrint began with v. 1, no. 1 in 1982.
=362  0\$a-volume 35, issue 6 (November 2017).
=500  \\$aEdited by the Chinese Society of Oceanology and Limnology.
=515  \\$aOnly 1 no. published in 1982.
=588  \\$aDescription based on print version record.
=588  \\$aLatest issue consulted: volume 35, issue 6 (November 2017) (SpringerLink, viewed February 15, 2022).
=540  \\$aCurrent copyright fee: GBP29.95$c22\1$5Uk
=650  \0$aOceanography$vPeriodicals.
=650  \0$aLimnology$vPeriodicals.
=655  \0$aElectronic journals.
=710  2\$aZhongguo hai yang hu zhao xue hui.
=776  08$iPrint version:$tChinese journal of oceanology and limnology$x0254-4059
=785  00$tJournal of oceanology and limnology$x2523-3521
=856  \\$31850-9999$uhttp://www.springer.com/gb/$xBLDSS
=856  4\$uhttp://firstsearch.oclc.org$zAddress for accessing the journal using authorization number and password through OCLC FirstSearch Electronic Collections Online
=856  4\$uhttp://firstsearch.oclc.org/journal=0254-4059;screen=info;ECOIP$zAddress for accessing the journal from an authorized IP address through OCLC FirstSearch Electronic Collections Online
=856  40$uhttp://link.springer.com/journal/343
=856  40$uhttp://www.springerlink.com/content/120408/
=856  40$uhttp://www.maney.co.uk/search?fwaction=show&fwid=357
=859  \\$aXLD$bejournal
=852  41$aBritish Library$bDSC$j3180.450000$3Volume 15:Issue 2(1997)-Volume 35:Issue 6(2017)***See ESTAR for full holdings.
=945  \\$aChinese journal of oceanology and limnology
=959  \\$fHeld but not currently received
=979  \\$aBritish Library$bDSC$j3180.450000
=CAT  \\$a7174$b40$c20070122$lBLL01$h0917
=CAT  \\$aIPL-CLA$c20150630$lBLL01$h1654
=CAT  \\$aBATCH-UPD$b00$c20150820$lBLL01$h1756
=CAT  \\$aIPL-CLA$c20150930$lBLL01$h1815
=CAT  \\$a8124$b40$c20151112$lBLL01$h1200
=CAT  \\$a8124$b40$c20151112$lBLL01$h1206
=CAT  \\$aBATCH-UPD$b40$c20160217$lBLL01$h1643
=CAT  \\$aIPL-CLA$c20160331$lBLL01$h1738
=CAT  \\$aBATCH-UPD$b00$c20160524$lBLL01$h2157
=CAT  \\$aBATCH-UPD$b00$c20160524$lBLL01$h2251
=CAT  \\$aBATCH-UPD$b00$c20160824$lBLL01$h1721
=CAT  \\$aIPL-CLA$c20160930$lBLL01$h1611
=CAT  \\$aBATCH-UPD$b00$c20170216$lBLL01$h1807
=CAT  \\$aIPL-CLA$c20170331$lBLL01$h1851
=CAT  \\$aBATCH-UPD$b00$c20170904$lBLL01$h1810
=CAT  \\$aIPL-CLA$c20170929$lBLL01$h1736
=CAT  \\$aBATCH-UPD$b00$c20180223$lBLL01$h1626
=CAT  \\$aIPL-CLA$c20180331$lBLL01$h1627
=CAT  \\$aW1805-0475$c20180520$lBLL01$h1632
=CAT  \\$aBATCH-UPD$b00$c20180524$lBLL01$h1658
=CAT  \\$aIPL-CLA$c20180630$lBLL01$h1921
=CAT  \\$aW1908-0780$b00$c20200730$lBLL01$h1330
=CAT  \\$aCDS21$c20220118$lBLL01$h1105
=CAT  \\$a8124$b40$c20220215$lBLL01$h1522
=CAT  \\$aBATCH-UPD$b40$c20221121$lBLL01$h1401
=CAT  \\$aIPL-CLA$c20221231$lBLL01$h1448
=CAT  \\$a5410$b40$c20230313$lBLL01$h1348
=CFI  0\$aCurrent copyright fee: GBP29.95$c22\1$e01-jan-2023$fGBP29.95$g0$hP$5Uk
=CFI  2\$aPrevious copyright fee: GBP34.00$c22\1$e01-jul-2018$fGBP34.00$g0$hP$5Uk
=EST  \\$a1
=FFP  \\$aY$bBLDSS-3PM
=FIN  \\$aY$d20151112
=LKR  \\$aPAR$b010196789$lBLL01$r776$mChinese journal of oceanology and limnology (Online)$nChinese journal of oceanology and limnology (Print).
=MNI  \\$a0254-4059
=SID  \\$aZ39$bOCLC
=TCO  \\$aZZZ$c008
=TOC  \\$aETOC
=UNO  \\$aY
=ACF  \\$aPrevious copyright fee: GBP21.25$c13\4$e01-jan-2009$fGBP21.25$g0$hP$5Uk
=ACF  \\$aPrevious Copyright Fee: GBP16.75$c13\4$e22-jan-2007$fGBP16.75$g0$hP$5Uk
=ACF  \\$aPrevious copyright fee: GBP22.00$c13\4$e01-apr-2009$fGBP22.00$g0$hP$5Uk
=ACF  \\$aPrevious copyright fee: GBP22.00$c13\4$e12-aug-2012$fGBP22.00$g0$hP$5Uk
=ACF  \\$aPrevious copyright fee: GBP25.00$c13\4$e01-jan-2013$fGBP25.00$g0$hP$5Uk
=ACF  \\$aPrevious copyright fee: GBP25.77$c13\4$e01-jul-2013$fGBP25.77$g0$hP$5Uk
=ACF  \\$aPrevious copyright fee: GBP24.97$c13\4$e01-jan-2014$fGBP24.97$g0$hP$5Uk
=ACF  \\$aPrevious copyright fee: GBP24.21$c13\4$e01-jul-2014$fGBP24.21$g0$hP$5Uk
=ACF  \\$aPrevious copyright fee: GBP25.77$c13\4$e01-apr-2015$fGBP25.77$g0$hP$5Uk
=ACF  \\$aPrevious copyright fee: GBP26.63$c13\4$e01-jul-2015$fGBP26.63$g0$hP$5Uk
=ACF  \\$aPrevious copyright fee: GBP25.77$c13\4$e01-oct-2015$fGBP25.77$g0$hP$5Uk
=ACF  \\$aPrevious copyright fee: GBP27.55$c13\4$e01-apr-2016$fGBP27.55$g0$hP$5Uk
=ACF  \\$aPrevious copyright fee: GBP29.59$c13\4$e01-oct-2016$fGBP29.59$g0$hP$5Uk
=ACF  \\$aPrevious copyright fee: GBP31.96$c13\4$e01-apr-2017$fGBP31.96$g0$hP$5Uk
=ACF  \\$aPrevious copyright fee: GBP30.73$c13\4$e01-oct-2017$fGBP30.73$g0$hP$5Uk
=ACF  \\$aPrevious copyright fee: GBP28.54$c13\4$e01-apr-2018$fGBP28.54$g0$hP$5Uk
=LAS  \\$a5410$b40$c20230313$lBLL01$h1348

