=LDR  06335cas a2201309 a 4500
=001  013668398
=003  Uk
=005  20221231144810.0
=006  m\\\\\o\\d\\\\\\\\
=007  cr\mnu||||||||
=008  070906d20022006at\zx\pso\\\\\0\\\a0eng\c
=FMT  \\$a  SE
=010  \\$a  2008252063
=022  \\$y1447-1825$y1873-7854
=035  \\$a(OCoLC)168581728$z(OCoLC)763172718
=040  \\$aIPL$beng$cIPL$dIPL$dWAU$dNLGGC$dMUQ$dOCLCQ$dOCLCE$dOCLCO$dOCLCQ$dOCLCF$dUk
=042  \\$aukblsr
=050  14$aSD1
=082  04$a634.905$223
=130  0\$aSmall-scale forest economics, management and policy (Online)
=245  10$aSmall-scale forest economics, management and policy$h[electronic resource].
=260  \\$aGatton, Australia :$bUniversity of Queensland Press
=310  \\$aFrequency varies
=336  \\$atext$2rdacontent
=337  \\$acomputer$2rdamedia
=338  \\$aonline resource$2rdacarrier
=362  0\$aVol. 1, no. 1 (Aug. 2002)-v. 5, no. 2 (Sept. 2006).
=500  \\$a"The Journal of International Union of Forest Research Organisations, Small-scale Forestry Group."
=515  \\$aVol. 1 has 1 issue; vol. 2-3 have 3 issues; vol. 4 has 4 issues; vol. 5 has 2 issues.
=588  \\$aDescription based on first issue; title from table of contents screen (publisher's Web site, viewed Jan. 18, 2008).
=588  \\$aLatest issue consulted volume 5, issue 2 (September 2006) (SpringerLink, viewed October 18, 2015).
=540  \\$aCurrent copyright fee: GBP29.95$c22\1$5Uk
=650  \0$aForests and forestry$xEconomic aspects$vPeriodicals.
=650  \0$aSmall-scale forestry$vPeriodicals.
=650  \0$aForest management$vPeriodicals.
=650  \0$aForest policy$vPeriodicals.
=650  \6$aForêts$xAspect économique$vPériodiques.
=650  \6$aForesterie à petite échelle$vPériodiques.
=650  \6$aForêts$xGestion$vPériodiques.
=650  \6$aPolitique forestière$vPériodiques.
=650  17$aBosbouw.$2gtt
=650  17$aKleinschaligheid.$2gtt
=650  \7$aForest management.$2fast$0(OCoLC)fst00932231
=650  \7$aForest policy.$2fast$0(OCoLC)fst00932311
=650  \7$aForests and forestry$xEconomic aspects.$2fast$0(OCoLC)fst00932657
=650  \7$aSmall-scale forestry.$2fast$0(OCoLC)fst01743293
=655  \7$aPeriodicals.$2fast$0(OCoLC)fst01411641
=710  2\$aIUFRO Working Unit 3.08.00 "Small Scale Forestry".
=776  1\$tSmall-scale forest economics, management and policy$x1447-1825
=785  00$tSmall-scale forestry (Online)$x1873-7854
=856  \\$31850-9999$uhttp://www.springer.com/gb/$xBLDSS
=856  4\$uhttp://www.nrsm.uq.edu.au/sfemp/$zLink no longer valid
=856  40$uhttp://www.springerlink.com/content/120445/
=859  \\$aXLD$bejournal
=852  41$aBritish Library$bDSC$j8310.150700$3Volume 1:Issue 1(2002)-Volume 5:Issue 2(2006)***See ESTAR for full holdings.
=945  \\$aSmall scale forest economics management and policy
=959  \\$fHeld but not currently received
=CAT  \\$a7174$b40$c20070209$lBLL01$h1201
=CAT  \\$aIPL-CLA$c20150331$lBLL01$h1648
=CAT  \\$aBATCH-UPD$b00$c20150520$lBLL01$h1702
=CAT  \\$aIPL-CLA$c20150630$lBLL01$h1654
=CAT  \\$aBATCH-UPD$b00$c20150820$lBLL01$h1752
=CAT  \\$aIPL-CLA$c20150930$lBLL01$h1816
=CAT  \\$a11316$b40$c20151015$lBLL01$h1230
=CAT  \\$aBATCH-UPD$b40$c20151015$lBLL01$h1231
=CAT  \\$aBATCH-UPD$b40$c20160217$lBLL01$h1638
=CAT  \\$aIPL-CLA$c20160331$lBLL01$h1738
=CAT  \\$aBATCH-UPD$b00$c20160524$lBLL01$h2157
=CAT  \\$aBATCH-UPD$b00$c20160524$lBLL01$h2251
=CAT  \\$aBATCH-UPD$b00$c20160824$lBLL01$h1715
=CAT  \\$aIPL-CLA$c20160930$lBLL01$h1611
=CAT  \\$aBATCH-UPD$b00$c20170216$lBLL01$h1802
=CAT  \\$aIPL-CLA$c20170331$lBLL01$h1851
=CAT  \\$aBATCH-UPD$b00$c20170904$lBLL01$h1804
=CAT  \\$aIPL-CLA$c20170929$lBLL01$h1736
=CAT  \\$aBATCH-UPD$b00$c20180223$lBLL01$h1620
=CAT  \\$aIPL-CLA$c20180331$lBLL01$h1627
=CAT  \\$aBATCH-UPD$b00$c20180524$lBLL01$h1653
=CAT  \\$aIPL-CLA$c20180630$lBLL01$h1921
=CAT  \\$aW1908-0780$b00$c20200730$lBLL01$h1330
=CAT  \\$aCDS21$c20220118$lBLL01$h1105
=CAT  \\$aBATCH-UPD$b00$c20221121$lBLL01$h1401
=CAT  \\$aIPL-CLA$c20221231$lBLL01$h1448
=CFI  0\$aCurrent copyright fee: GBP29.95$c22\1$e01-jan-2023$fGBP29.95$g0$hP$5Uk
=CFI  2\$aPrevious copyright fee: GBP34.00$c22\1$e01-jul-2018$fGBP34.00$g0$hP$5Uk
=EST  \\$a1
=FFP  \\$aY$bBLDSS-3PM
=FIN  \\$aY$d20151015
=LKR  \\$aPAR$b009877991$lBLL01$r776$mSmall-scale forest economics, management and policy [electronic resource].$nSmall-scale forest economics, management and policy (Print).
=MNI  \\$a1447-1825
=SID  \\$aZ39$bOCLC
=TCO  \\$aNLD$bSTICHTING REPRORECHT$c008
=TCO  \\$aAUS$bCAL$c008
=TOC  \\$aETOC
=UNO  \\$aY
=ACF  \\$aPrevious copyright fee: GBP21.25$c13\1$e01-jan-2009$fGBP21.25$g0$hP$5Uk
=ACF  \\$aPrevious Copyright Fee: GBP16.75$c13\1$e09-feb-2007$fGBP16.75$g0$hP$5Uk
=ACF  \\$aPrevious copyright fee: GBP22.00$c13\1$e01-apr-2009$fGBP22.00$g0$hP$5Uk
=ACF  \\$aPrevious copyright fee: GBP22.00$c13\1$e12-aug-2012$fGBP22.00$g0$hP$5Uk
=ACF  \\$aPrevious copyright fee: GBP25.00$c13\1$e01-jan-2013$fGBP25.00$g0$hP$5Uk
=ACF  \\$aPrevious copyright fee: GBP25.77$c13\1$e01-jul-2013$fGBP25.77$g0$hP$5Uk
=ACF  \\$aPrevious copyright fee: GBP24.97$c13\1$e01-jan-2014$fGBP24.97$g0$hP$5Uk
=ACF  \\$aPrevious copyright fee: GBP24.21$c13\1$e01-jul-2014$fGBP24.21$g0$hP$5Uk
=ACF  \\$aPrevious copyright fee: GBP25.77$c13\1$e01-apr-2015$fGBP25.77$g0$hP$5Uk
=ACF  \\$aPrevious copyright fee: GBP26.63$c13\1$e01-jul-2015$fGBP26.63$g0$hP$5Uk
=ACF  \\$aPrevious copyright fee: GBP25.77$c13\1$e01-oct-2015$fGBP25.77$g0$hP$5Uk
=ACF  \\$aPrevious copyright fee: GBP27.55$c13\1$e01-apr-2016$fGBP27.55$g0$hP$5Uk
=ACF  \\$aPrevious copyright fee: GBP29.59$c13\1$e01-oct-2016$fGBP29.59$g0$hP$5Uk
=ACF  \\$aPrevious copyright fee: GBP31.96$c13\1$e01-apr-2017$fGBP31.96$g0$hP$5Uk
=ACF  \\$aPrevious copyright fee: GBP30.73$c13\1$e01-oct-2017$fGBP30.73$g0$hP$5Uk
=ACF  \\$aPrevious copyright fee: GBP28.54$c13\1$e01-apr-2018$fGBP28.54$g0$hP$5Uk
=LAS  \\$aIPL-CLA$b00$c20221231$lBLL01$h1448

