=LDR  05946cas a2201285 a 4500
=001  013685956
=003  Uk
=005  20230314150520.0
=006  m\\\\\o\\d\\\\\\\\
=007  cr\cnu||||||||
=008  000428c19729999nyumr\pso\\\\\0\\\a0eng\c
=FMT  \\$a  SE
=010  \\$a2003213203
=022  0\$a1543-186X$l0361-5235
=035  \\$a(OCoLC)43946965
=040  \\$aZCU$beng$cZCU$dOCLCQ$dNSD$dOCLCQ$dOCL$dOCLCQ$dBUF$dUk
=042  \\$ansdp$aukblsr
=050  10$aISSN RECORD
=050  \4$aTK7871
=082  04$a621.381028$223
=130  0\$aJournal of electronic materials (Online)
=210  0\$aJ. electron. mater.$b(Online)
=222  \0$aJournal of electronic materials$b(Online)
=245  10$aJournal of electronic materials$h[electronic resource].
=246  1\$iAlso known as:$aJEM
=246  1\$iAlso known as:$aIEEE/TMS journal of electronic materials
=260  \\$aNew York :$bElsevier Science Pub. Co.
=260  3\$3<2010- >:$a[New York] :$bSpringer US
=310  \\$aMonthly,$b1990-
=321  \\$aQuarterly,$b1972-1974
=321  \\$aBimonthly,$b1975-1989
=336  \\$atext$2rdacontent
=337  \\$acomputer$2rdamedia
=338  \\$aonline resource$2rdacarrier
=362  1\$aPrint began in 1972.
=500  \\$aPublished: Warrendale, Pa. : The Minerals, Metals, & Materials Society, <2003->.
=525  \\$aSome vols. have supplements.
=550  \\$aAlso issued by: Institute of Electrical and Electronics Engineers.
=588  \\$aTitle from journal home page (viewed Jan. 16, 2003).
=588  \\$aLatest issue consulted: volume 42, issue 10 (October 2013) (SpringerLink, viewed October 22, 2013).
=540  \\$aCurrent copyright fee: GBP29.95$c22\1$5Uk
=650  \0$aElectronics$xMaterials$vPeriodicals.
=710  2\$aMinerals, Metals and Materials Society.
=710  2\$aInstitute of Electrical and Electronics Engineers.
=776  08$iPrint version:$tJournal of electronic materials$x0361-5235
=856  \\$31850-9999$uhttp://www.springer.com/gb/$xBLDSS
=856  4\$uhttp://www.sciencedirect.com/$zLink no longer valid as of Feb. 11, 2012:$zSelect journal title from selections options
=856  40$uhttp://ieeexplore.ieee.org/xpl/RecentIssue.jsp?punumber=7029
=856  40$uhttp://link.springer.com/journal/11664
=856  40$uhttp://openurl.ingenta.com/content?genre=journal&issn=0361-5235
=859  \\$aXLD$bejournal
=852  41$aBritish Library$bDSC$j4974.950000$3Volume 26:Issue 1(1997)-Volume 47:Issue 4(2018)***See ESTAR for full holdings.
=945  \\$aJournal of electronic materials
=959  \\$fHeld but not currently received
=979  \\$aBritish Library$bDSC$j4974.950000
=CAT  \\$a7174$b40$c20070301$lBLL01$h1217
=CAT  \\$aBATCH-UPD$b00$c20150219$lBLL01$h1643
=CAT  \\$aIPL-CLA$c20150331$lBLL01$h1648
=CAT  \\$aBATCH-UPD$b00$c20150520$lBLL01$h1702
=CAT  \\$aIPL-CLA$c20150630$lBLL01$h1654
=CAT  \\$aBATCH-UPD$b00$c20150820$lBLL01$h1752
=CAT  \\$aIPL-CLA$c20150930$lBLL01$h1816
=CAT  \\$aBATCH-UPD$b00$c20160217$lBLL01$h1638
=CAT  \\$aIPL-CLA$c20160331$lBLL01$h1739
=CAT  \\$aBATCH-UPD$b00$c20160524$lBLL01$h2157
=CAT  \\$aBATCH-UPD$b00$c20160524$lBLL01$h2251
=CAT  \\$aBATCH-UPD$b00$c20160824$lBLL01$h1715
=CAT  \\$aIPL-CLA$c20160930$lBLL01$h1611
=CAT  \\$aBATCH-UPD$b00$c20170216$lBLL01$h1802
=CAT  \\$aIPL-CLA$c20170331$lBLL01$h1851
=CAT  \\$aBATCH-UPD$b00$c20170904$lBLL01$h1804
=CAT  \\$aIPL-CLA$c20170929$lBLL01$h1736
=CAT  \\$aBATCH-UPD$b00$c20180223$lBLL01$h1620
=CAT  \\$aIPL-CLA$c20180331$lBLL01$h1628
=CAT  \\$aW1805-0475$c20180520$lBLL01$h1632
=CAT  \\$aBATCH-UPD$b00$c20180524$lBLL01$h1653
=CAT  \\$aIPL-CLA$c20180630$lBLL01$h1921
=CAT  \\$aW1908-0780$b00$c20200730$lBLL01$h1330
=CAT  \\$aCDS21$c20220118$lBLL01$h1105
=CAT  \\$aBATCH-UPD$b00$c20221121$lBLL01$h1401
=CAT  \\$aIPL-CLA$c20221231$lBLL01$h1448
=CAT  \\$a5410$b40$c20230314$lBLL01$h1505
=CFI  0\$aCurrent copyright fee: GBP29.95$c22\1$e01-jan-2023$fGBP29.95$g0$hP$5Uk
=CFI  2\$aPrevious copyright fee: GBP34.00$c22\1$e01-jul-2018$fGBP34.00$g0$hP$5Uk
=EST  \\$a1
=FFP  \\$aY$bBLDSS-3PM
=FIN  \\$aY$d20131022
=LKR  \\$aPAR$b010489299$lBLL01$nJournal of electronic materials (Print).$mJournal of electronic materials (Online)$r776
=MNI  \\$a0361-5235
=SID  \\$aZ39$bOCLC
=TCO  \\$aTRS$bCCC$c008
=TOC  \\$aETOC
=UNO  \\$aY
=ACF  \\$aPrevious copyright fee: GBP21.25$c13\1$e01-jan-2009$fGBP21.25$g0$hP$5Uk
=ACF  \\$aPrevious Copyright Fee: GBP16.75$c13\1$e01-mar-2007$fGBP16.75$g0$hP$5Uk
=ACF  \\$aPrevious copyright fee: GBP22.00$c13\1$e01-apr-2009$fGBP22.00$g0$hP$5Uk
=ACF  \\$aPrevious copyright fee: GBP22.00$c13\1$e12-aug-2012$fGBP22.00$g0$hP$5Uk
=ACF  \\$aPrevious copyright fee: GBP25.00$c13\1$e01-jan-2013$fGBP25.00$g0$hP$5Uk
=ACF  \\$aPrevious copyright fee: GBP25.77$c13\1$e01-jul-2013$fGBP25.77$g0$hP$5Uk
=ACF  \\$aPrevious copyright fee: GBP24.97$c13\1$e01-jan-2014$fGBP24.97$g0$hP$5Uk
=ACF  \\$aPrevious copyright fee: GBP24.21$c13\1$e01-jul-2014$fGBP24.21$g0$hP$5Uk
=ACF  \\$aPrevious copyright fee: GBP25.77$c13\1$e01-apr-2015$fGBP25.77$g0$hP$5Uk
=ACF  \\$aPrevious copyright fee: GBP26.63$c13\1$e01-jul-2015$fGBP26.63$g0$hP$5Uk
=ACF  \\$aPrevious copyright fee: GBP25.77$c13\1$e01-oct-2015$fGBP25.77$g0$hP$5Uk
=ACF  \\$aPrevious copyright fee: GBP27.55$c13\1$e01-apr-2016$fGBP27.55$g0$hP$5Uk
=ACF  \\$aPrevious copyright fee: GBP29.59$c13\1$e01-oct-2016$fGBP29.59$g0$hP$5Uk
=ACF  \\$aPrevious copyright fee: GBP31.96$c13\1$e01-apr-2017$fGBP31.96$g0$hP$5Uk
=ACF  \\$aPrevious copyright fee: GBP30.73$c13\1$e01-oct-2017$fGBP30.73$g0$hP$5Uk
=ACF  \\$aPrevious copyright fee: GBP28.54$c13\1$e01-apr-2018$fGBP28.54$g0$hP$5Uk
=LAS  \\$a5410$b40$c20230314$lBLL01$h1505

