=LDR  05967cas a2201273 a 4500
=001  013696383
=003  Uk
=005  20230317141016.0
=006  m\\\\\o\\d\\\\\\\\
=007  cr\cnu||||||||
=008  020506c20019999njuqr\pso\\\\\0\\\a0eng\c
=FMT  \\$a  SE
=010  \\$a2005215866
=016  7\$a2072576-0$2DE-600
=022  \\$a1559-0259$l1530-7905$y1530-7905$21
=035  \\$a(OCoLC)49728702
=040  \\$aF#A$beng$cF#A$dOCLCQ$dMUQ$dNSD$dAGL$dKSU$dOCLCQ$dHEBIS$dOCLCQ$dUk
=042  \\$ansdp$aukblsr
=050  10$aISSN RECORD
=050  14$aRC677$b.C373
=070  0\$aRC677$b.C37
=072  \0$aX380
=082  04$a616.107$223
=130  0\$aCardiovascular toxicology (Online)
=210  0\$aCardiovasc. toxicol.$b(Online)
=222  \0$aCardiovascular toxicology$b(Online)
=245  10$aCardiovascular toxicology$h[electronic resource].
=260  \\$aTotowa, N.J. :$bHumana Press,$c2001-
=264  31$a[New York] :$bSpringer US
=310  \\$aQuarterly
=336  \\$atext$2rdacontent
=337  \\$acomputer$2rdamedia
=338  \\$aonline resource$2rdacarrier
=362  0\$aVol. 1, no. 1 (2001)-
=500  \\$aTitle from journal information screen (viewed Apr. 29, 2002).
=588  \\$aLatest issue consulted: volume 13, issue 3 (September 2013) (SpringerLink, viewed October 22, 2013).
=540  \\$aCurrent copyright fee: GBP34.95$c22\1$5Uk
=650  \0$aCardiovascular toxicology$vPeriodicals.
=650  \0$aCardiovascular system$xDiseases$xChemotherapy$vPeriodicals.
=650  \0$aCardiovascular pharmacology$vPeriodicals.
=650  \0$aCardiovascular agents$vPeriodicals.
=710  2\$aHumana Press.
=776  08$iAlso issued in print as:$tCardiovascular toxicology$x1530-7905
=856  \\$31850-9999$uhttp://www.springer.com/gb/$xBLDSS
=856  40$uhttp://firstsearch.oclc.org$zAddress for accessing the journal using authorization number and password through OCLC FirstSearch Electronic Collections Online
=856  40$uhttp://firstsearch.oclc.org/journal=1530-7905;screen=info;ECOIP$zAddress for accessing the journal from an authorized IP address through OCLC FirstSearch Electronic Collections Online
=856  40$uhttp://www.springerlink.com/content/120550/
=856  40$uhttp://journals.humanapress.com/JournalTOC.pasp?issn=1530-7905$zTo subscribe
=859  \\$aXLD$bejournal
=852  41$aBritish Library$bDSC$j3051.521000$3Volume 1:Issue 1(2001)-Volume 18:Issue 2(2018)***See ESTAR for full holdings.
=945  \\$aCardiovascular toxicology
=959  \\$fHeld but not currently received
=979  \\$aBritish Library$bDSC$j3051.521000
=CAT  \\$a7174$b40$c20070315$lBLL01$h1055
=CAT  \\$aBATCH-UPD$b00$c20150520$lBLL01$h1710
=CAT  \\$aIPL-CLA$c20150630$lBLL01$h1654
=CAT  \\$aBATCH-UPD$b00$c20150820$lBLL01$h1758
=CAT  \\$aIPL-CLA$c20150930$lBLL01$h1816
=CAT  \\$aBATCH-UPD$b00$c20160217$lBLL01$h1646
=CAT  \\$aIPL-CLA$c20160331$lBLL01$h1739
=CAT  \\$aBATCH-UPD$b00$c20160524$lBLL01$h2157
=CAT  \\$aBATCH-UPD$b00$c20160524$lBLL01$h2251
=CAT  \\$aBATCH-UPD$b00$c20160824$lBLL01$h1723
=CAT  \\$aIPL-CLA$c20160930$lBLL01$h1612
=CAT  \\$aBATCH-UPD$b00$c20170216$lBLL01$h1810
=CAT  \\$aIPL-CLA$c20170331$lBLL01$h1851
=CAT  \\$aBATCH-UPD$b00$c20170904$lBLL01$h1812
=CAT  \\$aIPL-CLA$c20170929$lBLL01$h1736
=CAT  \\$aBATCH-UPD$b00$c20180223$lBLL01$h1629
=CAT  \\$aIPL-CLA$c20180331$lBLL01$h1628
=CAT  \\$aW1805-0475$c20180520$lBLL01$h1632
=CAT  \\$aBATCH-UPD$b00$c20180524$lBLL01$h1700
=CAT  \\$aIPL-CLA$c20180630$lBLL01$h1921
=CAT  \\$aW1908-0780$b00$c20200730$lBLL01$h1330
=CAT  \\$a5552$b40$c20210810$lBLL01$h1359
=CAT  \\$aIPL-CLA$c20210930$lBLL01$h1528
=CAT  \\$aCDS21$c20220118$lBLL01$h1105
=CAT  \\$aBATCH-UPD$b00$c20221121$lBLL01$h1411
=CAT  \\$aIPL-CLA$c20221231$lBLL01$h1448
=CAT  \\$a5410$b40$c20230317$lBLL01$h1410
=CFI  0\$aCurrent copyright fee: GBP34.95$c22\1$e01-jan-2023$fGBP34.95$g0$hP$5Uk
=CFI  2\$aPrevious copyright fee: GBP43.00$c22\1$e01-oct-2021$fGBP43.00$g0$hP$5Uk
=EST  \\$a1
=FFP  \\$aY$bBLDSS-3PM
=FIN  \\$aY$d20131022
=LKR  \\$aPAR$b011480876$lBLL01$nCardiovascular toxicology (Print)$mCardiovascular toxicology (Online)$r776
=MNI  \\$a1530-7905
=SID  \\$aZ39$bOCLC
=TCO  \\$aTRS$bCCC$c008
=TOC  \\$aETOC
=UNO  \\$aY
=ACF  \\$aPrevious copyright fee: GBP21.25$c13\6$e01-jan-2009$fGBP21.25$g0$hP$5Uk
=ACF  \\$aPrevious Copyright Fee: GBP16.75$c13\6$e15-mar-2006$fGBP16.75$g0$hP$5Uk
=ACF  \\$aPrevious copyright fee: GBP22.00$c13\6$e01-apr-2009$fGBP22.00$g0$hP$5Uk
=ACF  \\$aPrevious copyright fee: GBP22.00$c13\6$e12-aug-2012$fGBP22.00$g0$hP$5Uk
=ACF  \\$aPrevious copyright fee: GBP25.00$c13\6$e01-jan-2013$fGBP25.00$g0$hP$5Uk
=ACF  \\$aPrevious copyright fee: GBP25.77$c13\6$e01-jul-2013$fGBP25.77$g0$hP$5Uk
=ACF  \\$aPrevious copyright fee: GBP24.97$c13\6$e01-jan-2014$fGBP24.97$g0$hP$5Uk
=ACF  \\$aPrevious copyright fee: GBP24.21$c13\6$e01-jul-2014$fGBP24.21$g0$hP$5Uk
=ACF  \\$aPrevious copyright fee: GBP25.77$c13\6$e01-apr-2015$fGBP25.77$g0$hP$5Uk
=ACF  \\$aPrevious copyright fee: GBP26.63$c13\6$e01-jul-2015$fGBP26.63$g0$hP$5Uk
=ACF  \\$aPrevious copyright fee: GBP25.77$c13\6$e01-oct-2015$fGBP25.77$g0$hP$5Uk
=ACF  \\$aPrevious copyright fee: GBP27.55$c13\6$e01-apr-2016$fGBP27.55$g0$hP$5Uk
=ACF  \\$aPrevious copyright fee: GBP29.59$c13\6$e01-oct-2016$fGBP29.59$g0$hP$5Uk
=ACF  \\$aPrevious copyright fee: GBP31.96$c13\6$e01-apr-2017$fGBP31.96$g0$hP$5Uk
=ACF  \\$aPrevious copyright fee: GBP30.73$c13\6$e01-oct-2017$fGBP30.73$g0$hP$5Uk
=ACF  \\$aPrevious copyright fee: GBP28.54$c13\6$e01-apr-2018$fGBP28.54$g0$hP$5Uk
=ACF  \\$aPrevious copyright fee: GBP34.00$c22\1$e01-jul-2018$fGBP34.00$g0$hP$5Uk
=LAS  \\$a5410$b40$c20230317$lBLL01$h1410

