=LDR  05867cas a2201225 a 4500
=001  013696651
=003  Uk
=005  20230319100419.0
=006  m\\\\\o\\d\\\\\\\\
=007  cr\cnu||||||||
=008  020506c19969999nyubx\pso\\\\\0\\\a0eng\c
=FMT  \\$a  SE
=010  \\$a2005215869
=022  \\$a1559-0283$l1085-9195$y1085-9195$21
=035  \\$a(OCoLC)49728714
=040  \\$aF#A$beng$cF#A$dOCLCQ$dNSD$dGUA$dOCLCQ$dOCLCO$dOCLCQ$dUk
=042  \\$ansdp$aukblsr
=050  10$aISSN RECORD
=050  14$aQH573
=082  04$a571.63$223
=130  0\$aCell biochemistry and biophysics (Online)
=210  0\$aCell biochem. biophys.$b(Online)
=222  \0$aCell biochemistry and biophysics$b(Online)
=245  10$aCell biochemistry and biophysics$h[electronic resource].
=260  \\$a[Totowa, N.J.] :$bHumana Press
=264  31$a[New York] :$bSpringr US
=310  \\$aNine times a year,$b2006-
=321  \\$aSix times a year,$b1996-2005
=336  \\$atext$2rdacontent
=337  \\$acomputer$2rdamedia
=338  \\$aonline resource$2rdacarrier
=362  1\$aPrint began with vol. 27, no. 2, published in 1996.
=580  \\$aIncludes issues of earlier title: Cell biophysics.
=588  \\$aDescription based on: Vol. 34, no. 1 (2001); title from journal information screen (viewed Apr. 29, 2002).
=588  \\$aLatest issue consulted: volume 67, issue 1 (September 2013) (SpringerLink, viewed October 23, 2013).
=540  \\$aCurrent copyright fee: GBP29.95$c22\1$5Uk
=650  \0$aCytology$vPeriodicals.
=650  \0$aBiophysics$vPeriodicals.
=776  08$iPrint version:$tCell biochemistry and biophysics$x1085-9195
=780  10$tCell biophysics
=856  \\$31850-9999$uhttp://www.springer.com/gb/$xBLDSS
=856  40$uhttp://firstsearch.oclc.org$zAddress for accessing the journal using authorization number and password through OCLC FirstSearch Electronic Collections Online
=856  40$uhttp://firstsearch.oclc.org/journal=1085-9195;screen=info;ECOIP$zAddress for accessing the journal from an authorized IP address through OCLC FirstSearch Electronic Collections Online
=856  40$uhttp://www.springerlink.com/content/120551/
=856  40$uhttp://journals.humanapress.com/JournalTOC.pasp?issn=1085-9195$zTo subscribe
=859  \\$aXLD$bejournal
=852  41$aBritish Library$bDSC$j3097.701000$3Volume 32 :Issue 1/3 (2000)-Volume 75:Issue 3/4(2017)***See ESTAR for full holdings.
=945  \\$aCell biochemistry and biophysics
=959  \\$fHeld but not currently received
=979  \\$aBritish Library$bDSC$j3097.701000
=CAT  \\$a7174$b40$c20070315$lBLL01$h1422
=CAT  \\$aBATCH-UPD$b00$c20150219$lBLL01$h1655
=CAT  \\$aIPL-CLA$c20150331$lBLL01$h1648
=CAT  \\$aBATCH-UPD$b00$c20150520$lBLL01$h1710
=CAT  \\$aIPL-CLA$c20150630$lBLL01$h1654
=CAT  \\$aBATCH-UPD$b00$c20150820$lBLL01$h1758
=CAT  \\$aIPL-CLA$c20150930$lBLL01$h1816
=CAT  \\$aBATCH-UPD$b00$c20160217$lBLL01$h1646
=CAT  \\$aIPL-CLA$c20160331$lBLL01$h1739
=CAT  \\$aBATCH-UPD$b00$c20160524$lBLL01$h2157
=CAT  \\$aBATCH-UPD$b00$c20160524$lBLL01$h2251
=CAT  \\$aBATCH-UPD$b00$c20160824$lBLL01$h1723
=CAT  \\$aIPL-CLA$c20160930$lBLL01$h1612
=CAT  \\$aBATCH-UPD$b00$c20170216$lBLL01$h1810
=CAT  \\$aIPL-CLA$c20170331$lBLL01$h1851
=CAT  \\$aBATCH-UPD$b00$c20170904$lBLL01$h1812
=CAT  \\$aIPL-CLA$c20170929$lBLL01$h1736
=CAT  \\$aBATCH-UPD$b00$c20180223$lBLL01$h1629
=CAT  \\$aIPL-CLA$c20180331$lBLL01$h1628
=CAT  \\$aW1805-0475$c20180520$lBLL01$h1632
=CAT  \\$aBATCH-UPD$b00$c20180524$lBLL01$h1700
=CAT  \\$aIPL-CLA$c20180630$lBLL01$h1921
=CAT  \\$aW1908-0780$b00$c20200730$lBLL01$h1330
=CAT  \\$aCDS21$c20220118$lBLL01$h1105
=CAT  \\$aBATCH-UPD$b00$c20221121$lBLL01$h1401
=CAT  \\$aIPL-CLA$c20221231$lBLL01$h1448
=CAT  \\$a5410$b40$c20230319$lBLL01$h1004
=CFI  0\$aCurrent copyright fee: GBP29.95$c22\1$e01-jan-2023$fGBP29.95$g0$hP$5Uk
=CFI  2\$aPrevious copyright fee: GBP34.00$c22\1$e01-jul-2018$fGBP34.00$g0$hP$5Uk
=EST  \\$a1
=FFP  \\$aY$bBLDSS-3PM
=FIN  \\$aY$d20131023
=LKR  \\$aPAR$b012110935$lBLL01$nCell biochemistry and biophysics (Print)$mCell biochemistry and biophysics (Online)$r776
=MNI  \\$a1085-9195
=SID  \\$aZ39$bOCLC
=TCO  \\$aTRS$bCCC$c008
=TOC  \\$aETOC
=UNO  \\$aY
=ACF  \\$aPrevious copyright fee: GBP21.25$c13\6$e01-jan-2009$fGBP21.25$g0$hP$5Uk
=ACF  \\$aPrevious Copyright Fee: GBP16.75$c13\6$e15-mar-2006$fGBP16.75$g0$hP$5Uk
=ACF  \\$aPrevious copyright fee: GBP22.00$c13\6$e01-apr-2009$fGBP22.00$g0$hP$5Uk
=ACF  \\$aPrevious copyright fee: GBP22.00$c13\6$e12-aug-2012$fGBP22.00$g0$hP$5Uk
=ACF  \\$aPrevious copyright fee: GBP25.00$c13\6$e01-jan-2013$fGBP25.00$g0$hP$5Uk
=ACF  \\$aPrevious copyright fee: GBP25.77$c13\6$e01-jul-2013$fGBP25.77$g0$hP$5Uk
=ACF  \\$aPrevious copyright fee: GBP24.97$c13\6$e01-jan-2014$fGBP24.97$g0$hP$5Uk
=ACF  \\$aPrevious copyright fee: GBP24.21$c13\6$e01-jul-2014$fGBP24.21$g0$hP$5Uk
=ACF  \\$aPrevious copyright fee: GBP25.77$c13\6$e01-apr-2015$fGBP25.77$g0$hP$5Uk
=ACF  \\$aPrevious copyright fee: GBP26.63$c13\6$e01-jul-2015$fGBP26.63$g0$hP$5Uk
=ACF  \\$aPrevious copyright fee: GBP25.77$c13\6$e01-oct-2015$fGBP25.77$g0$hP$5Uk
=ACF  \\$aPrevious copyright fee: GBP27.55$c13\6$e01-apr-2016$fGBP27.55$g0$hP$5Uk
=ACF  \\$aPrevious copyright fee: GBP29.59$c13\6$e01-oct-2016$fGBP29.59$g0$hP$5Uk
=ACF  \\$aPrevious copyright fee: GBP31.96$c13\6$e01-apr-2017$fGBP31.96$g0$hP$5Uk
=ACF  \\$aPrevious copyright fee: GBP30.73$c13\6$e01-oct-2017$fGBP30.73$g0$hP$5Uk
=ACF  \\$aPrevious copyright fee: GBP28.54$c13\6$e01-apr-2018$fGBP28.54$g0$hP$5Uk
=LAS  \\$a5410$b40$c20230319$lBLL01$h1004

