=LDR  05807cas a2201189 a 4500
=001  013701150
=003  Uk
=005  20221231144817.0
=006  m\\\\\o\\d\\\\\\\\
=007  cr\mn|||||||||
=008  000515c19929999nyubr\pso\\\\\0\\\a0eng\c
=FMT  \\$a  SE
=010  \\$a2003212190
=022  \\$a1544-1024$l1059-9495$y1059-9495$21
=035  \\$a(OCoLC)44053967
=040  \\$aFHM$beng$cFHM$dOCLCQ$dNSD$dOCLCQ$dOCL$dMUQ$dOCLCQ$dUk
=042  \\$ansdp$aukblsr
=050  10$aISSN RECORD
=050  14$aTA401
=082  0\$a620.1105$223
=130  0\$aJournal of materials engineering and performance (Online)
=210  0\$aJ. mater. eng. perform.$b(Online)
=222  \0$aJournal of materials engineering and performance$b(Online)
=245  10$aJournal of materials engineering and performance$h[electronic resource].
=260  \\$aNew York, NY :$bElsevier Science Pub. Co.
=264  31$a[New York] :$bSpringer US
=336  \\$atext$2rdacontent
=337  \\$acomputer$2rdamedia
=338  \\$aonline resource$2rdacarrier
=362  1\$aPrint began with vol. 1, no. 1 (Feb. 1992).
=588  \\$aDescription based on: Vol. 7, issue 1 (Feb. 1998); title from general information screen (viewed May 15, 2000).
=588  \\$aLatest issue consulted: volume 22, issue 9 (September 2013) (SpringerLink, viewed October 23, 2013).
=540  \\$aCurrent copyright fee: GBP29.95$c22\1$5Uk
=650  \0$aMaterials$vPeriodicals.
=650  \0$aMaterials science$vPeriodicals.
=650  \0$aMetal-work$vPeriodicals.
=776  08$iAlso issued in print as:$tJournal of materials engineering and performance$x1059-9495
=856  \\$31850-9999$uhttp://www.springer.com/gb/$xBLDSS
=856  40$uhttp://firstsearch.oclc.org$zAddress for accessing the journal using authorization number and password through OCLC FirstSearch Electronic Collections Online
=856  40$uhttp://firstsearch.oclc.org/journal=1059-9495;screen=info;ECOIP$zAddress for accessing the journal from an authorized IP address through OCLC FirstSearch Electronic Collections Online
=856  40$uhttp://link.springer.com/journal/11665
=856  40$uhttp://www.ingentaselect.com
=856  40$uhttp://www.sciencedirect.com/science/journal/10599495
=859  \\$aXLD$bejournal
=852  41$aBritish Library$bDSC$j5012.232000$3Volume 6:Issue 1(1997)-Volume 27:Issue 3(2018)***See ESTAR for full holdings.
=945  \\$aJournal of materials engineering and performance.
=959  \\$fHeld but not currently received
=979  \\$aBritish Library$bDSC$j5012.232000
=CAT  \\$a7174$b40$c20070322$lBLL01$h1018
=CAT  \\$aIPL-CLA$c20150331$lBLL01$h1648
=CAT  \\$aBATCH-UPD$b00$c20150520$lBLL01$h1929
=CAT  \\$aIPL-CLA$c20150630$lBLL01$h1654
=CAT  \\$aBATCH-UPD$b00$c20150820$lBLL01$h1959
=CAT  \\$aIPL-CLA$c20150930$lBLL01$h1816
=CAT  \\$aBATCH-UPD$b00$c20160217$lBLL01$h1858
=CAT  \\$aIPL-CLA$c20160331$lBLL01$h1739
=CAT  \\$aBATCH-UPD$b00$c20160524$lBLL01$h2157
=CAT  \\$aBATCH-UPD$b00$c20160524$lBLL01$h2251
=CAT  \\$aBATCH-UPD$b00$c20160824$lBLL01$h1916
=CAT  \\$aIPL-CLA$c20160930$lBLL01$h1612
=CAT  \\$aBATCH-UPD$b00$c20170216$lBLL01$h2002
=CAT  \\$aIPL-CLA$c20170331$lBLL01$h1851
=CAT  \\$aBATCH-UPD$b00$c20170904$lBLL01$h2033
=CAT  \\$aIPL-CLA$c20170929$lBLL01$h1736
=CAT  \\$aBATCH-UPD$b00$c20180223$lBLL01$h1932
=CAT  \\$aIPL-CLA$c20180331$lBLL01$h1628
=CAT  \\$aW1805-0475$c20180520$lBLL01$h1632
=CAT  \\$aBATCH-UPD$b00$c20180524$lBLL01$h1811
=CAT  \\$aIPL-CLA$c20180630$lBLL01$h1921
=CAT  \\$aW1908-0780$b00$c20200730$lBLL01$h1330
=CAT  \\$aCDS21$c20220118$lBLL01$h1105
=CAT  \\$a5410$b40$c20221119$lBLL01$h1608
=CAT  \\$aBATCH-UPD$b40$c20221121$lBLL01$h1401
=CAT  \\$aIPL-CLA$c20221231$lBLL01$h1448
=CFI  0\$aCurrent copyright fee: GBP29.95$c22\1$e01-jan-2023$fGBP29.95$g0$hP$5Uk
=CFI  2\$aPrevious copyright fee: GBP34.00$c22\1$e01-jul-2018$fGBP34.00$g0$hP$5Uk
=EST  \\$a1
=FFP  \\$aY$bBLDSS-3PM
=FIN  \\$aY$d20131023
=LKR  \\$aPAR$b008904733$lBLL01$nJournal of materials engineering and performance (Print)$mJournal of materials engineering and performance (Online)$r776
=MNI  \\$a1059-9495
=SID  \\$aZ39$bOCLC
=TCO  \\$aTRS$bCCC$c008
=TOC  \\$aETOC
=UNO  \\$aY
=ACF  \\$aPrevious copyright fee: GBP21.25$c4\4$e01-jan-2009$fGBP21.25$g0$hP$5Uk
=ACF  \\$aPrevious Copyright Fee: GBP16.75$c4\4$e22-mar-2007$fGBP16.75$g0$hP$5Uk
=ACF  \\$aPrevious copyright fee: GBP22.00$c4\4$e01-apr-2009$fGBP22.00$g0$hP$5Uk
=ACF  \\$aPrevious copyright fee: GBP22.00$c4\4$e12-aug-2012$fGBP22.00$g0$hP$5Uk
=ACF  \\$aPrevious copyright fee: GBP25.00$c4\4$e01-jan-2013$fGBP25.00$g0$hP$5Uk
=ACF  \\$aPrevious copyright fee: GBP25.77$c4\4$e01-jul-2013$fGBP25.77$g0$hP$5Uk
=ACF  \\$aPrevious copyright fee: GBP24.97$c4\4$e01-jan-2014$fGBP24.97$g0$hP$5Uk
=ACF  \\$aPrevious copyright fee: GBP24.21$c4\4$e01-jul-2014$fGBP24.21$g0$hP$5Uk
=ACF  \\$aPrevious copyright fee: GBP25.77$c4\4$e01-apr-2015$fGBP25.77$g0$hP$5Uk
=ACF  \\$aPrevious copyright fee: GBP26.63$c4\4$e01-jul-2015$fGBP26.63$g0$hP$5Uk
=ACF  \\$aPrevious copyright fee: GBP25.77$c4\4$e01-oct-2015$fGBP25.77$g0$hP$5Uk
=ACF  \\$aPrevious copyright fee: GBP27.55$c4\4$e01-apr-2016$fGBP27.55$g0$hP$5Uk
=ACF  \\$aPrevious copyright fee: GBP29.59$c4\4$e01-oct-2016$fGBP29.59$g0$hP$5Uk
=ACF  \\$aPrevious copyright fee: GBP31.96$c4\4$e01-apr-2017$fGBP31.96$g0$hP$5Uk
=ACF  \\$aPrevious copyright fee: GBP30.73$c4\4$e01-oct-2017$fGBP30.73$g0$hP$5Uk
=ACF  \\$aPrevious copyright fee: GBP28.54$c4\4$e01-apr-2018$fGBP28.54$g0$hP$5Uk
=LAS  \\$aIPL-CLA$b00$c20221231$lBLL01$h1448

