=LDR  07221cas a2201465 a 4500
=001  013706013
=003  Uk
=005  20221231144820.0
=006  m\\\\\o\\d\\\\\\\\
=007  cr\mn|||||||||
=008  010306c19919999gw\mn\pso\\\\\0\\\a0eng\c
=FMT  \\$a  SE
=010  \\$a  2002229031
=016  7\$a023336501$2de-101
=016  7\$a20748498$2de-600
=022  0\$a1543-706X$l1071-2690$y1071-2690$21
=035  \\$a(OCoLC)46381495$z(OCoLC)47722911$z(OCoLC)48017026
=040  \\$aBIK$beng$cBIK$dOCLCQ$dFUG$dNSD$dOCLCQ$dOCLCS$dSBH$dEYM$dOCLCQ$dSERSO$dBUF$dOCLCQ$dGBVCP$dOCLCQ$dBUF$dDLC$dOCLCO$dOCLCF$dUk
=042  \\$aukblsr
=050  \4$aQH585
=082  04$a571.81$223
=130  0\$aIn vitro cellular & developmental biology.$pAnimal (Online)
=210  0\$aIn vitro cell. dev. biol., Anim.$b(Online)
=222  \0$aIn vitro cellular & developmental biology. Animal$b(Online)
=245  10$aIn vitro cellular & developmental biology.$pAnimal$h[electronic resource].
=246  1\$iTitle on BioOne journal list web page:$aIn vitro animal cellular & developmental biology
=246  3\$aIn vitro cellular and developmental biology.$pAnimal
=260  \\$aColumbia, MD :$bTissue Culture Association,$c1991-
=260  3\$32007-$a[Germany] :$bSpringer-Verlag
=310  \\$aMonthly, except for July,$b2012-
=321  \\$aFrequency varies,$b1991-2011
=336  \\$atext$2rdacontent
=337  \\$acomputer$2rdamedia
=338  \\$aonline resource$2rdacarrier
=362  1\$aBegan in 1991.
=500  \\$aVols. 38- have extra Abstract issue, published in the spring.
=515  \\$aSome issues combined.
=538  \\$aMode of access: World Wide Web.
=550  \\$aIssued by: Tissue Culture Association, 1991-June 1994; Society for In Vitro Biology, July 1994-2006.
=588  \\$aTitle from cover (JSTOR, viewed July 11, 2008).
=588  \\$aLatest issue consulted: volume 50, issue 9 (October 2014) (Springer Link, viewed November 5, 2014).
=540  \\$aCurrent copyright fee: GBP29.95$c22\1$5Uk
=650  \0$aCell culture$vPeriodicals.
=650  \0$aTissue culture$vPeriodicals.
=650  \0$aDevelopmental biology$vPeriodicals.
=650  \2$aCell Physiology$vPeriodicals.
=650  \2$aCell Biology$vPeriodicals.
=650  \2$aDevelopmental Biology$vPeriodicals.
=650  \2$aTissue Culture Techniques$vPeriodicals.
=650  \7$aCell culture.$2fast
=650  \7$aDevelopmental biology.$2fast
=650  \7$aTissue culture.$2fast
=655  \7$aPeriodicals.$2fast
=710  2\$aTissue Culture Association.
=710  2\$aSociety for In Vitro Biology.
=776  08$iPrint version:$tIn vitro cellular & developmental biology. Animal$x1071-2690
=780  01$tIn vitro cellular & developmental biology (Online)$x2327-431X
=856  \\$31850-9999$uhttp://www.springer.com/gb/$xBLDSS
=856  4\$uhttp://firstsearch.oclc.org$zAddress for accessing the journal using authorization number and password through OCLC FirstSearch Electronic Collections Online
=856  4\$uhttp://firstsearch.oclc.org/journal=1071-2690;screen=info;ECOIP$zAddress for accessing the journal from an authorized IP address through OCLC FirstSearch Electronic Collections Online
=856  40$uhttp://link.springer.com/journal/11626
=856  40$uhttp://www.bioone.org/bioone/?request=get-journals-list&issn=1071-2690
=856  40$uhttp://www.jstor.org/journals/10712690.html
=856  40$uhttp://www.springerlink.com/content/120498/
=856  40$uhttp://inva.allenpress.com/invaonline/?request=index-html$zNot valid as of Nov. 20, 2006:
=859  \\$aXLD$bejournal
=852  41$aBritish Library$bDSC$j4372.500520$3Volume 33:Issue 2(1997)-Volume 54:Issue 3(2018)***See ESTAR for full holdings.
=945  \\$aIn vitro cellular and developmental biology animal
=959  \\$fHeld but not currently received
=979  \\$aBritish Library$bDSC$j4372.500520
=985  \\$aCONFERENCE ANALYTIC RECORDS EXIST
=CAT  \\$a7174$b40$c20070329$lBLL01$h0921
=CAT  \\$aBATCH-UPD$b00$c20150520$lBLL01$h1759
=CAT  \\$aIPL-CLA$c20150630$lBLL01$h1654
=CAT  \\$aBATCH-UPD$b00$c20150820$lBLL01$h1846
=CAT  \\$aIPL-CLA$c20150930$lBLL01$h1816
=CAT  \\$aBATCH-UPD$b00$c20160217$lBLL01$h1737
=CAT  \\$aIPL-CLA$c20160331$lBLL01$h1739
=CAT  \\$aBATCH-UPD$b00$c20160524$lBLL01$h2211
=CAT  \\$aBATCH-UPD$b00$c20160525$lBLL01$h0026
=CAT  \\$aBATCH-UPD$b00$c20160824$lBLL01$h1804
=CAT  \\$aIPL-CLA$c20160930$lBLL01$h1612
=CAT  \\$aBATCH-UPD$b00$c20170216$lBLL01$h1852
=CAT  \\$aIPL-CLA$c20170331$lBLL01$h1851
=CAT  \\$aBATCH-UPD$b00$c20170904$lBLL01$h1902
=CAT  \\$aIPL-CLA$c20170929$lBLL01$h1737
=CAT  \\$aBATCH-UPD$b00$c20180223$lBLL01$h1735
=CAT  \\$aIPL-CLA$c20180331$lBLL01$h1628
=CAT  \\$aW1805-0475$c20180520$lBLL01$h1632
=CAT  \\$aBATCH-UPD$b00$c20180524$lBLL01$h1722
=CAT  \\$aIPL-CLA$c20180630$lBLL01$h1921
=CAT  \\$aW1908-0780$b00$c20200730$lBLL01$h1330
=CAT  \\$aCDS21$c20220118$lBLL01$h1105
=CAT  \\$a5410$b40$c20221120$lBLL01$h1132
=CAT  \\$a5410$b40$c20221120$lBLL01$h1133
=CAT  \\$aBATCH-UPD$b40$c20221121$lBLL01$h1401
=CAT  \\$aIPL-CLA$c20221231$lBLL01$h1448
=CFI  0\$aCurrent copyright fee: GBP29.95$c22\1$e01-jan-2023$fGBP29.95$g0$hP$5Uk
=CFI  2\$aPrevious copyright fee: GBP34.00$c22\1$e01-jul-2018$fGBP34.00$g0$hP$5Uk
=EST  \\$a1
=FFP  \\$aY$bBLDSS-3PM
=FIN  \\$aY$d20141105
=LKR  \\$aPAR$b009847225$lBLL01$r776$mIn vitro cellular & developmental biology. Animal (Online)$nIn vitro cellular & developmental biology. Animal (Print)
=MNI  \\$a1071-2690
=SID  \\$aZ39$bOCLC
=TCO  \\$aTRS$bCCC$c008
=TOC  \\$aETOC
=UNO  \\$aY
=ACF  \\$aPrevious copyright fee: GBP21.25$c22\8$e01-jan-2009$fGBP21.25$g0$hP$5Uk
=ACF  \\$aPrevious Copyright Fee: GBP16.75$c22\8$e29-mar-2007$fGBP16.75$g0$hP$5Uk
=ACF  \\$aPrevious copyright fee: GBP22.00$c22\8$e01-apr-2009$fGBP22.00$g0$hP$5Uk
=ACF  \\$aPrevious copyright fee: GBP22.00$c22\8$e12-aug-2012$fGBP22.00$g0$hP$5Uk
=ACF  \\$aPrevious copyright fee: GBP25.00$c22\8$e01-jan-2013$fGBP25.00$g0$hP$5Uk
=ACF  \\$aPrevious copyright fee: GBP25.77$c22\8$e01-jul-2013$fGBP25.77$g0$hP$5Uk
=ACF  \\$aPrevious copyright fee: GBP24.97$c22\8$e01-jan-2014$fGBP24.97$g0$hP$5Uk
=ACF  \\$aPrevious copyright fee: GBP24.21$c22\8$e01-jul-2014$fGBP24.21$g0$hP$5Uk
=ACF  \\$aPrevious copyright fee: GBP25.77$c22\8$e01-apr-2015$fGBP25.77$g0$hP$5Uk
=ACF  \\$aPrevious copyright fee: GBP26.63$c22\8$e01-jul-2015$fGBP26.63$g0$hP$5Uk
=ACF  \\$aPrevious copyright fee: GBP25.77$c22\8$e01-oct-2015$fGBP25.77$g0$hP$5Uk
=ACF  \\$aPrevious copyright fee: GBP27.55$c22\8$e01-apr-2016$fGBP27.55$g0$hP$5Uk
=ACF  \\$aPrevious copyright fee: GBP29.59$c22\8$e01-oct-2016$fGBP29.59$g0$hP$5Uk
=ACF  \\$aPrevious copyright fee: GBP31.96$c22\8$e01-apr-2017$fGBP31.96$g0$hP$5Uk
=ACF  \\$aPrevious copyright fee: GBP30.73$c22\8$e01-oct-2017$fGBP30.73$g0$hP$5Uk
=ACF  \\$aPrevious copyright fee: GBP28.54$c22\8$e01-apr-2018$fGBP28.54$g0$hP$5Uk
=LAS  \\$aIPL-CLA$b00$c20221231$lBLL01$h1448

