=LDR  07047cas a2201453 a 4500
=001  013717696
=003  Uk
=005  20230311104441.0
=006  m\\\\\o\\d\\\\\\\\
=007  cr\un|||||||||
=008  060425c20039999cc\mx\pso\\\\\0\\\a0eng\d
=FMT  \\$a  SE
=022  \\$a1993-0402
=035  \\$a(OCoLC)67617789
=040  \\$aOCLCS$beng$cOCLCS$dOCLCS$dOCLCQ$dVPI$dMYG$dOCLCQ$dOCLCO$dOCLCF$dOCLCO$dUk
=042  \\$aukblsr
=043  \\$aa-cc---
=050  \4$aR97.7.C5$bC46
=060  \4$aW1$bCH763
=082  04$a610$223
=130  0\$aChinese journal of integrative medicine (Online)
=222  \0$aChinese journal of integrative medicine$b(Online)
=245  10$aChinese journal of integrative medicine$h[electronic resource].
=246  17$aCJIM
=260  \\$aBeijing, China :$bChinese Association of the Integration of Traditional and Western Medicine :$bChina Academy of Traditional Chinese Medicine ;$aWatertown, MA :$bDistributed by Relaxing Natural Health
=264  31$aBeijing :$bChinese Association of Traditional and Western Medicine
=310  \\$aMonthly,$b2011-
=321  \\$aBimonthly,$b2009-2010
=321  \\$aQuarterly,$b-2008
=336  \\$atext$2rdacontent
=337  \\$acomputer$2rdamedia
=338  \\$aonline resource$2rdacarrier
=362  1\$aPrint began with v. 9, no. 1 (Mar. 2003).
=530  \\$aAlso issued in print.
=538  \\$aMode of access: World Wide Web.
=546  \\$aEnglish with some Chinese.
=550  \\$aCo-sponsored by the Hong Kong Association for Health Care.
=550  \\$aFrom <2015- >, supervised by State Administration of Traditional Chinese Medicine, sponsored by Chinese Association of Integrative Medicine and China Academy of Chinese Medical Sciences.
=588  \\$aDescription based on print version record.
=588  \\$aLatest issue consulted: volume 21, issue 8 (August 2015) (SpringerLink, viewed October 27, 2015).
=540  \\$aCurrent copyright fee: GBP34.95$c22\1$5Uk
=650  \0$aIntegrative medicine$vPeriodicals.
=650  \0$aMedicine$vPeriodicals.
=650  \0$aMedicine$zChina$vPeriodicals.
=650  \0$aMedicine, Chinese$vPeriodicals.
=650  12$aMedicine, Chinese Traditional$vPeriodicals.
=650  22$aDrugs, Chinese Herbal$xtherapeutic use$vPeriodicals.
=650  \7$aIntegrative medicine.$2fast$0(OCoLC)fst00975672
=650  \7$aMedicine.$2fast$0(OCoLC)fst01014893
=650  \7$aMedicine, Chinese.$2fast$0(OCoLC)fst01015214
=651  \7$aChina.$2fast$0(OCoLC)fst01206073
=655  \7$aPeriodicals.$2fast$0(OCoLC)fst01411641
=710  2\$aZhongguo Zhong xi yi jie he xue hui.
=710  2\$aZhongguo Zhong yi yan jiu yuan.
=710  2\$aHong Kong Association for Health Care.
=710  2\$aChina. Guo jia Zhong yi yao guan li ju.
=710  2\$aChina Academy of Chinese Medical Sciences.
=775  1\$tZhongguo Zhong xi yi jie he za zhi
=776  08$iPrint version:$tChinese journal of integrative medicine$x1672-0415
=780  00$tZhongguo Zhong xi yi jie he za zhi. English. Chinese journal of integrated traditional and western medicine
=856  \\$31850-9999$uhttp://www.springer.com/gb/$xBLDSS
=856  40$uhttp://ckrd.cnki.net/grid20/Navi/item.aspx?NaviID=1&BaseID=ZXYY&NaviLink=%e5%8c%bb%e7%96%97%e5%8d%ab%e7%94%9f$zLink no longer valid
=856  40$uhttp://www.springerlink.com/content/1672-0415
=859  \\$aXLD$bejournal
=852  41$aBritish Library$bDSC$j3180.359500$3Volume 12:Issue 4(2006)-Volume 24:Issue 2(2018)***See ESTAR for full holdings.
=945  \\$aChinese journal of integrative medicine
=959  \\$fHeld but not currently received
=979  \\$aBritish Library$bDSC$j3180.359500
=CAT  \\$a7174$b40$c20070419$lBLL01$h1146
=CAT  \\$aBATCH-UPD$b00$c20150820$lBLL01$h1846
=CAT  \\$aIPL-CLA$c20150930$lBLL01$h1817
=CAT  \\$a11316$b40$c20151027$lBLL01$h0937
=CAT  \\$aBATCH-UPD$b40$c20160217$lBLL01$h1737
=CAT  \\$aIPL-CLA$c20160331$lBLL01$h1739
=CAT  \\$aBATCH-UPD$b00$c20160524$lBLL01$h2211
=CAT  \\$aBATCH-UPD$b00$c20160525$lBLL01$h0027
=CAT  \\$aBATCH-UPD$b00$c20160824$lBLL01$h1804
=CAT  \\$aIPL-CLA$c20160930$lBLL01$h1612
=CAT  \\$aBATCH-UPD$b00$c20170216$lBLL01$h1852
=CAT  \\$aIPL-CLA$c20170331$lBLL01$h1852
=CAT  \\$aBATCH-UPD$b00$c20170904$lBLL01$h1902
=CAT  \\$aIPL-CLA$c20170929$lBLL01$h1737
=CAT  \\$aBATCH-UPD$b00$c20180223$lBLL01$h1735
=CAT  \\$aIPL-CLA$c20180331$lBLL01$h1628
=CAT  \\$aW1805-0475$c20180520$lBLL01$h1632
=CAT  \\$aBATCH-UPD$b00$c20180524$lBLL01$h1722
=CAT  \\$aIPL-CLA$c20180630$lBLL01$h1921
=CAT  \\$a7332$b40$c20191004$lBLL01$h1007
=CAT  \\$aW1908-0780$b00$c20200730$lBLL01$h1330
=CAT  \\$a5552$b40$c20210810$lBLL01$h1406
=CAT  \\$aIPL-CLA$c20210930$lBLL01$h1528
=CAT  \\$aCDS21$c20220118$lBLL01$h1105
=CAT  \\$aBATCH-UPD$b00$c20221121$lBLL01$h1411
=CAT  \\$aIPL-CLA$c20221231$lBLL01$h1448
=CAT  \\$a5410$b40$c20230311$lBLL01$h1044
=CFI  0\$aCurrent copyright fee: GBP34.95$c22\1$e01-jan-2023$fGBP34.95$g0$hP$5Uk
=CFI  2\$aPrevious copyright fee: GBP43.00$c22\1$e01-oct-2021$fGBP43.00$g0$hP$5Uk
=EST  \\$a1
=FFP  \\$aY$bBLDSS-3PM
=FIN  \\$aY$d20151027
=LKR  \\$aPAR$b012391661$lBLL01$r776$mChinese journal of integrative medicine (Online)$nChinese journal of integrative medicine (Print)
=MNI  \\$a1672-0415
=SID  \\$aZ39$bOCLC
=TCO  \\$aZZZ$c008
=TOC  \\$aETOC
=UNO  \\$aY
=ACF  \\$aPrevious copyright fee: GBP21.25$c22\8$e01-jan-2009$fGBP21.25$g0$hP$5Uk
=ACF  \\$aPrevious Copyright Fee: GBP16.75$c22\8$e19-apr-2007$fGBP16.75$g0$hP$5Uk
=ACF  \\$aPrevious copyright fee: GBP22.00$c22\8$e01-apr-2009$fGBP22.00$g0$hP$5Uk
=ACF  \\$aPrevious copyright fee: GBP22.00$c22\8$e12-aug-2012$fGBP22.00$g0$hP$5Uk
=ACF  \\$aPrevious copyright fee: GBP25.00$c22\8$e01-jan-2013$fGBP25.00$g0$hP$5Uk
=ACF  \\$aPrevious copyright fee: GBP25.77$c22\8$e01-jul-2013$fGBP25.77$g0$hP$5Uk
=ACF  \\$aPrevious copyright fee: GBP24.97$c22\8$e01-jan-2014$fGBP24.97$g0$hP$5Uk
=ACF  \\$aPrevious copyright fee: GBP24.21$c22\8$e01-jul-2014$fGBP24.21$g0$hP$5Uk
=ACF  \\$aPrevious copyright fee: GBP25.77$c22\8$e01-apr-2015$fGBP25.77$g0$hP$5Uk
=ACF  \\$aPrevious copyright fee: GBP26.63$c22\8$e01-jul-2015$fGBP26.63$g0$hP$5Uk
=ACF  \\$aPrevious copyright fee: GBP25.77$c22\8$e01-oct-2015$fGBP25.77$g0$hP$5Uk
=ACF  \\$aPrevious copyright fee: GBP27.55$c22\8$e01-apr-2016$fGBP27.55$g0$hP$5Uk
=ACF  \\$aPrevious copyright fee: GBP29.59$c22\8$e01-oct-2016$fGBP29.59$g0$hP$5Uk
=ACF  \\$aPrevious copyright fee: GBP31.96$c22\8$e01-apr-2017$fGBP31.96$g0$hP$5Uk
=ACF  \\$aPrevious copyright fee: GBP30.73$c22\8$e01-oct-2017$fGBP30.73$g0$hP$5Uk
=ACF  \\$aPrevious copyright fee: GBP28.54$c22\8$e01-apr-2018$fGBP28.54$g0$hP$5Uk
=ACF  \\$aPrevious copyright fee: GBP34.00$c22\1$e01-jul-2018$fGBP34.00$g0$hP$5Uk
=LAS  \\$a5410$b40$c20230311$lBLL01$h1044

