=LDR  05913cas a2201249 a 4500
=001  013729612
=003  Uk
=005  20230311110630.0
=006  m\\\\\o\\d\\\\\\\\
=007  cr\cnu||||||||
=008  030818c20039999nyuqr\pso\\\\\0\\\a0eng\c
=FMT  \\$a  SE
=010  \\$a2005215862
=022  0\$a1559-0089$l1539-2791$y1539-2791$21
=035  \\$a(OCoLC)52860607
=040  \\$aOUN$beng$cOUN$dOCLCQ$dNSD$dOCL$dOCLCQ$dVRC$dOCLCQ$dUk
=042  \\$aukblsr
=050  14$aQP376
=082  04$a616.82$223
=130  0\$aNeuroinformatics (Online)
=210  0\$aNeuroinformatics$b(Online)
=222  \0$aNeuroinformatics$b(Online)
=245  10$aNeuroinformatics$h[electronic resource].
=260  \\$aTotowa, NJ :$bHumana Press,$cc2003-
=264  31$a[New York] :$bSpringer US
=310  \\$aQuarterly
=336  \\$atext$2rdacontent
=337  \\$acomputer$2rdamedia
=338  \\$aonline resource$2rdacarrier
=362  1\$aPrint began with vol. 1, no. 1 (spring 2003).
=530  \\$aAlso issued in print.
=588  \\$aDescription based on: Vol. 1, issue 1 (spring 2003); title from caption (publisher's Web site viewed on Nov. 21, 2005).
=588  \\$aLatest issue consulted: volume 11, issue 3 (July 2013); (SpringerLink, viewed July 25, 2013).
=540  \\$aCurrent copyright fee: GBP34.95$c22\1$5Uk
=650  \0$aNeuroinformatics$vPeriodicals.
=650  12$aNeurosciences$vPeriodicals.
=650  22$aNeural Networks (Computer)$vPeriodicals.
=650  22$aModels, Neurological$vPeriodicals.
=650  22$aComputer Simulation$vPeriodicals.
=710  2\$aHumana Press.
=776  1\$tNeuroinformatics$x1539-2791
=856  \\$31850-9999$uhttp://www.springer.com/gb/$xBLDSS
=856  40$uhttp://firstsearch.oclc.org$zAddress for accessing the journal using authorization number and password through OCLC FirstSearch Electronic Collections Online
=856  40$uhttp://firstsearch.oclc.org/journal=1539-2791;screen=info;ECOIP$zAddress for accessing the journal from an authorized IP address through OCLC FirstSearch Electronic Collections Online
=856  40$uhttp://link.springer.com/journal/12021
=856  40$uhttp://www.humanapress.com/JournalDetail.pasp?issn=1539-2791&txtCatalog=HumanaJournals&txtProductID=1539-2791$zTo subscribe
=859  \\$aXLD$bejournal
=852  41$aBritish Library$bDSC$j6081.373530$3Volume 1:Issue 1(2003)-Volume 16:Issue 1(2018)***See ESTAR for full holdings.
=945  \\$aNeuroinformatics
=959  \\$fHeld but not currently received
=979  \\$aBritish Library$bDSC$j6081.373530
=CAT  \\$a7174$b40$c20070424$lBLL01$h1130
=CAT  \\$aBATCH-UPD$b00$c20150520$lBLL01$h1710
=CAT  \\$aIPL-CLA$c20150630$lBLL01$h1654
=CAT  \\$aBATCH-UPD$b00$c20150820$lBLL01$h1758
=CAT  \\$aIPL-CLA$c20150930$lBLL01$h1817
=CAT  \\$aBATCH-UPD$b00$c20160217$lBLL01$h1646
=CAT  \\$aIPL-CLA$c20160331$lBLL01$h1739
=CAT  \\$aBATCH-UPD$b00$c20160524$lBLL01$h2157
=CAT  \\$aBATCH-UPD$b00$c20160524$lBLL01$h2252
=CAT  \\$aBATCH-UPD$b00$c20160824$lBLL01$h1723
=CAT  \\$aIPL-CLA$c20160930$lBLL01$h1612
=CAT  \\$aBATCH-UPD$b00$c20170216$lBLL01$h1810
=CAT  \\$aIPL-CLA$c20170331$lBLL01$h1852
=CAT  \\$aBATCH-UPD$b00$c20170904$lBLL01$h1812
=CAT  \\$aIPL-CLA$c20170929$lBLL01$h1737
=CAT  \\$aBATCH-UPD$b00$c20180223$lBLL01$h1629
=CAT  \\$aIPL-CLA$c20180331$lBLL01$h1628
=CAT  \\$aW1805-0475$c20180520$lBLL01$h1632
=CAT  \\$aBATCH-UPD$b00$c20180524$lBLL01$h1700
=CAT  \\$aIPL-CLA$c20180630$lBLL01$h1921
=CAT  \\$aW1908-0780$b00$c20200730$lBLL01$h1330
=CAT  \\$a5552$b40$c20210824$lBLL01$h0827
=CAT  \\$aIPL-CLA$c20210930$lBLL01$h1528
=CAT  \\$aCDS21$c20220118$lBLL01$h1105
=CAT  \\$aBATCH-UPD$b00$c20221121$lBLL01$h1411
=CAT  \\$aIPL-CLA$c20221231$lBLL01$h1448
=CAT  \\$a5410$b40$c20230311$lBLL01$h1106
=CFI  0\$aCurrent copyright fee: GBP34.95$c22\1$e01-jan-2023$fGBP34.95$g0$hP$5Uk
=CFI  2\$aPrevious copyright fee: GBP43.00$c22\1$e01-oct-2021$fGBP43.00$g0$hP$5Uk
=EST  \\$a1
=FFP  \\$aY$bBLDSS-3PM
=FIN  \\$aY$d20130725
=LKR  \\$aPAR$b011482026$lBLL01$r776$mNeuroinformatics [electronic resource].$nNeuroinformatics (Print).
=MNI  \\$a1539-2791
=SID  \\$aZ39$bOCLC
=TCO  \\$aTRS$bCCC$c008
=TOC  \\$aETOC
=UNO  \\$aY
=ACF  \\$aPrevious copyright fee: GBP21.25$c13\6$e01-jan-2009$fGBP21.25$g0$hP$5Uk
=ACF  \\$aPrevious Copyright Fee: GBP16.75$c13\6$e24-apr-2007$fGBP16.75$g0$hP$5Uk
=ACF  \\$aPrevious copyright fee: GBP22.00$c13\6$e01-apr-2009$fGBP22.00$g0$hP$5Uk
=ACF  \\$aPrevious copyright fee: GBP22.00$c13\6$e12-aug-2012$fGBP22.00$g0$hP$5Uk
=ACF  \\$aPrevious copyright fee: GBP25.00$c13\6$e01-jan-2013$fGBP25.00$g0$hP$5Uk
=ACF  \\$aPrevious copyright fee: GBP25.77$c13\6$e01-jul-2013$fGBP25.77$g0$hP$5Uk
=ACF  \\$aPrevious copyright fee: GBP24.97$c13\6$e01-jan-2014$fGBP24.97$g0$hP$5Uk
=ACF  \\$aPrevious copyright fee: GBP24.21$c13\6$e01-jul-2014$fGBP24.21$g0$hP$5Uk
=ACF  \\$aPrevious copyright fee: GBP25.77$c13\6$e01-apr-2015$fGBP25.77$g0$hP$5Uk
=ACF  \\$aPrevious copyright fee: GBP26.63$c13\6$e01-jul-2015$fGBP26.63$g0$hP$5Uk
=ACF  \\$aPrevious copyright fee: GBP25.77$c13\6$e01-oct-2015$fGBP25.77$g0$hP$5Uk
=ACF  \\$aPrevious copyright fee: GBP27.55$c13\6$e01-apr-2016$fGBP27.55$g0$hP$5Uk
=ACF  \\$aPrevious copyright fee: GBP29.59$c13\6$e01-oct-2016$fGBP29.59$g0$hP$5Uk
=ACF  \\$aPrevious copyright fee: GBP31.96$c13\6$e01-apr-2017$fGBP31.96$g0$hP$5Uk
=ACF  \\$aPrevious copyright fee: GBP30.73$c13\6$e01-oct-2017$fGBP30.73$g0$hP$5Uk
=ACF  \\$aPrevious copyright fee: GBP28.54$c13\6$e01-apr-2018$fGBP28.54$g0$hP$5Uk
=ACF  \\$aPrevious copyright fee: GBP34.00$c22\1$e01-jul-2018$fGBP34.00$g0$hP$5Uk
=LAS  \\$a5410$b40$c20230311$lBLL01$h1106

