=LDR  06273cas a2201297 a 4500
=001  013766568
=003  Uk
=005  20230421204858.0
=006  m\\\\\o\\d\\\\\\\\
=007  cr\unu||||||||
=008  040630c20049999maubr\pso\\\\\0\\\a0eng\d
=FMT  \\$a  SE
=022  \\$a1864-1245$l1547-7029
=035  \\$a(OCoLC)55792652$z(OCoLC)60628855
=040  \\$aCUI$beng$cCUI$dOCLCQ$dOCL$dNSD$dCIT$dOCLCS$dMUQ$dVPI$dOCLCQ$dUk
=042  \\$aukblsr
=050  \4$aTA169.5
=082  04$a620.112$223
=130  0\$aJournal of failure analysis & prevention (Online)
=222  \0$aJournal of failure analysis and prevention$b(Online)
=245  10$aJournal of failure analysis & prevention$h[electronic resource].
=246  3\$aJournal of failure analysis and prevention
=260  \\$a[Materials Park, Ohio] :$bASM International
=260  3\$3<2007>-$aBoston :$bSpringer
=310  \\$aBimonthly
=336  \\$atext$2rdacontent
=337  \\$acomputer$2rdamedia
=338  \\$aonline resource$2rdacarrier
=362  0\$aVol. 4, issue 1 (Feb. 2004)-
=500  \\$aTitle from contents screen (viewed June 22, 2004).
=530  \\$aAlso issued in print.
=538  \\$aMode of access: World Wide Web.
=580  \\$aIncludes issues of earlier title: Practical failure analysis.
=588  \\$aLatest issue consulted: volume 14, issue 5 (October 2014) (SpringerLink, viewed November 5, 2014).
=540  \\$aCurrent copyright fee: GBP29.95$c22\1$5Uk
=650  \0$aSystem failures (Engineering)$vPeriodicals.
=650  \0$aMaterials$xFatigue$vPeriodicals.
=650  \6$aPannes$vPériodiques.
=650  \6$aMatériaux$xFatigue$vPériodiques.
=655  \0$aElectronic journals.
=655  \4$aOnline resources.
=710  2\$aASM International.
=776  08$iPrint version:$tJournal of failure analysis and prevention$x1547-7029
=780  10$tPractical failure analysis (Online)$x1728-5674
=856  \\$31850-9999$uhttp://www.springer.com/gb/$xBLDSS
=856  4\$uhttp://firstsearch.oclc.org$zAddress for accessing the journal using authorization number and password through OCLC FirstSearch Electronic Collections Online
=856  4\$uhttp://firstsearch.oclc.org/journal=1547-7029;screen=info;ECOIP$zAddress for accessing the journal from an authorized IP address through OCLC FirstSearch Electronic Collections Online
=856  4\$uhttp://www.ingenta.com/journals/browse/asm/jfap$zLink no longer valid as of <Dec. 4, 2009>
=856  40$uhttp://link.springer.com/journal/11668
=856  40$uhttp://www.ingentaselect.com/vl=7363692/cl=16/nw=1/rpsv/cw/asm/15477029/contp1.htm
=856  40$uhttp://www.springerlink.com/content/1547-7029
=859  \\$aXLD$bejournal
=852  41$aBritish Library$bDSC$j4983.627000$3Volume 1:Issue 1(2001)-Volume 18:Issue 1(2018)***See ESTAR for full holdings.
=945  \\$aJournal of failure analysis and prevention
=959  \\$fHeld but not currently received
=979  \\$aBritish Library$bDSC$j4983.627000
=CAT  \\$a7174$b40$c20070612$lBLL01$h1353
=CAT  \\$aBATCH-UPD$b00$c20150219$lBLL01$h1934
=CAT  \\$aIPL-CLA$c20150331$lBLL01$h1649
=CAT  \\$aBATCH-UPD$b00$c20150520$lBLL01$h1929
=CAT  \\$aIPL-CLA$c20150630$lBLL01$h1655
=CAT  \\$aBATCH-UPD$b00$c20150820$lBLL01$h1959
=CAT  \\$aIPL-CLA$c20150930$lBLL01$h1818
=CAT  \\$aBATCH-UPD$b00$c20160217$lBLL01$h1858
=CAT  \\$aIPL-CLA$c20160331$lBLL01$h1740
=CAT  \\$aBATCH-UPD$b00$c20160524$lBLL01$h2157
=CAT  \\$aBATCH-UPD$b00$c20160524$lBLL01$h2253
=CAT  \\$aBATCH-UPD$b00$c20160824$lBLL01$h1916
=CAT  \\$aIPL-CLA$c20160930$lBLL01$h1613
=CAT  \\$aBATCH-UPD$b00$c20170216$lBLL01$h2002
=CAT  \\$aIPL-CLA$c20170331$lBLL01$h1852
=CAT  \\$aBATCH-UPD$b00$c20170904$lBLL01$h2033
=CAT  \\$aIPL-CLA$c20170929$lBLL01$h1738
=CAT  \\$aBATCH-UPD$b00$c20180223$lBLL01$h1932
=CAT  \\$aIPL-CLA$c20180331$lBLL01$h1629
=CAT  \\$aW1805-0475$c20180520$lBLL01$h1632
=CAT  \\$aBATCH-UPD$b00$c20180524$lBLL01$h1811
=CAT  \\$aIPL-CLA$c20180630$lBLL01$h1922
=CAT  \\$aW1908-0780$b00$c20200730$lBLL01$h1331
=CAT  \\$aCDS21$c20220118$lBLL01$h1105
=CAT  \\$aBATCH-UPD$b00$c20221121$lBLL01$h1402
=CAT  \\$aIPL-CLA$c20221231$lBLL01$h1448
=CAT  \\$a5410$b40$c20230421$lBLL01$h2048
=CFI  0\$aCurrent copyright fee: GBP29.95$c22\1$e01-jan-2023$fGBP29.95$g0$hP$5Uk
=CFI  2\$aPrevious copyright fee: GBP34.00$c22\1$e01-jul-2018$fGBP34.00$g0$hP$5Uk
=EST  \\$a1
=FFP  \\$aY$bBLDSS-3PM
=FIN  \\$aY$d20141105
=LKR  \\$aPAR$b010489543$lBLL01$r776$mJournal of failure analysis and prevention (Online)$nJournal of failure analysis and prevention (Print).
=MNI  \\$a1547-7029
=SID  \\$aZ39$bOCLC
=TCO  \\$aTRS$bCCC$c008
=TOC  \\$aETOC
=UNO  \\$aY
=ACF  \\$aPrevious copyright fee: GBP21.25$c4\4$e01-jan-2009$fGBP21.25$g0$hP$5Uk
=ACF  \\$aPrevious Copyright Fee: GBP16.75$c4\4$e12-jun-2007$fGBP16.75$g0$hP$5Uk
=ACF  \\$aPrevious copyright fee: GBP22.00$c4\4$e01-apr-2009$fGBP22.00$g0$hP$5Uk
=ACF  \\$aPrevious copyright fee: GBP22.00$c4\4$e12-aug-2012$fGBP22.00$g0$hP$5Uk
=ACF  \\$aPrevious copyright fee: GBP25.00$c4\4$e01-jan-2013$fGBP25.00$g0$hP$5Uk
=ACF  \\$aPrevious copyright fee: GBP25.77$c4\4$e01-jul-2013$fGBP25.77$g0$hP$5Uk
=ACF  \\$aPrevious copyright fee: GBP24.97$c4\4$e01-jan-2014$fGBP24.97$g0$hP$5Uk
=ACF  \\$aPrevious copyright fee: GBP24.21$c4\4$e01-jul-2014$fGBP24.21$g0$hP$5Uk
=ACF  \\$aPrevious copyright fee: GBP25.77$c4\4$e01-apr-2015$fGBP25.77$g0$hP$5Uk
=ACF  \\$aPrevious copyright fee: GBP26.63$c4\4$e01-jul-2015$fGBP26.63$g0$hP$5Uk
=ACF  \\$aPrevious copyright fee: GBP25.77$c4\4$e01-oct-2015$fGBP25.77$g0$hP$5Uk
=ACF  \\$aPrevious copyright fee: GBP27.55$c4\4$e01-apr-2016$fGBP27.55$g0$hP$5Uk
=ACF  \\$aPrevious copyright fee: GBP29.59$c4\4$e01-oct-2016$fGBP29.59$g0$hP$5Uk
=ACF  \\$aPrevious copyright fee: GBP31.96$c4\4$e01-apr-2017$fGBP31.96$g0$hP$5Uk
=ACF  \\$aPrevious copyright fee: GBP30.73$c4\4$e01-oct-2017$fGBP30.73$g0$hP$5Uk
=ACF  \\$aPrevious copyright fee: GBP28.54$c4\4$e01-apr-2018$fGBP28.54$g0$hP$5Uk
=LAS  \\$a5410$b40$c20230421$lBLL01$h2048

