=LDR  06188cas a2201261 a 4500
=001  013804867
=003  Uk
=005  20230425084130.0
=006  m\\\\\o\\d\\\\\\\\
=007  cr\cn|||||||||
=008  020423c19979999ne\qr\pso\o\\\0\\\a0eng\c
=FMT  \\$a  SE
=010  \\$a  2002238359
=022  0\$a1874-6284$y1096-6838$2j
=035  \\$a(OCoLC)49641708$z(OCoLC)641855617
=040  \\$aIUL$beng$cIUL$dOCLCQ$dOCL$dOCLCS$dOCLCQ$dMYG$dDLC$dOCLCF$dUk
=042  \\$aukblsr
=043  \\$aae-----
=050  \4$aDS1$b.E13
=082  04$a951.005$223
=130  0\$aEast Asia (Piscataway, N.J. : Online)
=222  \0$aEast Asia (Online)
=245  10$aEast Asia$h[electronic resource].
=260  \\$a[Piscataway, N.J.] :$bTransaction Publishers
=264  31$32007-$a[Netherlands] :$bSpringer Netherlands
=310  \\$aQuarterly
=336  \\$atext$2rdacontent
=337  \\$acomputer$2rdamedia
=338  \\$aonline resource$2rdacarrier
=362  1\$aPrint began with vol. 16, nos. 1/2 (spring/summer 1997).
=515  \\$aSome issues combined.
=530  \\$aAlso issued in print.
=580  \\$aIncludes issues of earlier title: Journal of northeast Asian studies.
=588  \\$aDescription based on: Vol. 17. no. 1 (spring 1999); title from introductory page, viewed Apr. 22, 2002.
=588  \\$aLatest issue consulted: volume 31, issue 3 (September 2014) (SpringerLink, viewed November 12, 2014).
=540  \\$aCurrent copyright fee: GBP29.95$c22\1$5Uk
=651  \0$aEast Asia$vPeriodicals.
=651  \7$aEast Asia.$2fast
=655  \7$aPeriodicals.$2fast
=776  1\$tEast Asia (Piscataway, N.J.)$x1096-6838
=780  00$tJournal of northeast Asian studies (Online)
=856  \\$31850-9999$uhttp://www.springer.com/gb/$xBLDSS
=856  4\$uhttp://firstsearch.oclc.org$zAddress for accessing the journal using authorization number and password through OCLC FirstSearch Electronic Collections Online. Subscription to online journal required for access to abstracts and full text
=856  4\$uhttp://firstsearch.oclc.org/journal=1096-6838;screen=info;ECOIP$zAddress for accessing the journal from an authorized IP address through OCLC FirstSearch Electronic Collections Online. Subscription to online journal required for access to abstracts and full text
=856  40$uhttp://link.springer.com/journal/12140
=856  40$uhttp://www.catchword.com/rpsv/cw/tranpub/10966838/contp1.htm
=856  40$uhttp://www.ingentaselect.com/vl=15227111/cl=6/nw=1/rpsv/catchword/tranpub/10966838/contp1.htm
=859  \\$aXLD$bejournal
=852  41$aBritish Library$bDSC$j3645.889700$3Volume 18:Issue 4(2000)-Volume 34:Issue 4(2017)***See ESTAR for full holdings.
=945  \\$aEast Asia -Piscataway-
=959  \\$fHeld but not currently received
=979  \\$aBritish Library$bDSC$j3645.889700
=CAT  \\$a7174$b40$c20070731$lBLL01$h1350
=CAT  \\$aBATCH-UPD$b00$c20150219$lBLL01$h1735
=CAT  \\$aIPL-CLA$c20150331$lBLL01$h1650
=CAT  \\$aBATCH-UPD$b00$c20150520$lBLL01$h1743
=CAT  \\$aIPL-CLA$c20150630$lBLL01$h1656
=CAT  \\$aBATCH-UPD$b00$c20150820$lBLL01$h1831
=CAT  \\$aIPL-CLA$c20150930$lBLL01$h1818
=CAT  \\$aBATCH-UPD$b00$c20160217$lBLL01$h1720
=CAT  \\$aIPL-CLA$c20160331$lBLL01$h1741
=CAT  \\$aBATCH-UPD$b00$c20160524$lBLL01$h2211
=CAT  \\$aBATCH-UPD$b00$c20160525$lBLL01$h0028
=CAT  \\$aBATCH-UPD$b00$c20160824$lBLL01$h1749
=CAT  \\$aIPL-CLA$c20160930$lBLL01$h1613
=CAT  \\$aBATCH-UPD$b00$c20170216$lBLL01$h1836
=CAT  \\$aIPL-CLA$c20170331$lBLL01$h1853
=CAT  \\$aBATCH-UPD$b00$c20170904$lBLL01$h1844
=CAT  \\$aIPL-CLA$c20170929$lBLL01$h1738
=CAT  \\$aBATCH-UPD$b00$c20180223$lBLL01$h1704
=CAT  \\$aIPL-CLA$c20180331$lBLL01$h1630
=CAT  \\$aW1805-0475$c20180520$lBLL01$h1632
=CAT  \\$aBATCH-UPD$b00$c20180524$lBLL01$h1708
=CAT  \\$aIPL-CLA$c20180630$lBLL01$h1922
=CAT  \\$aW1908-0780$b00$c20200730$lBLL01$h1331
=CAT  \\$aCDS21$c20220118$lBLL01$h1105
=CAT  \\$aBATCH-UPD$b00$c20221121$lBLL01$h1402
=CAT  \\$aIPL-CLA$c20221231$lBLL01$h1448
=CAT  \\$a5410$b40$c20230425$lBLL01$h0841
=CFI  0\$aCurrent copyright fee: GBP29.95$c22\1$e01-jan-2023$fGBP29.95$g0$hP$5Uk
=CFI  2\$aPrevious copyright fee: GBP34.00$c22\1$e01-jul-2018$fGBP34.00$g0$hP$5Uk
=EST  \\$a1
=FFP  \\$aY$bBLDSS-3PM
=FIN  \\$aY$d20141112
=LKR  \\$aPAR$b007844348$lBLL01$r776$mEast Asia [electronic resource].$nEast Asia (Print).
=MNI  \\$a1096-6838
=SID  \\$aZ39$bOCLC
=TCO  \\$aNLD$bSTICHTING REPRORECHT$c008
=TOC  \\$aETOC
=UNO  \\$aY
=ACF  \\$aPrevious copyright fee: GBP22.00$c13\1$e01-apr-2009$fGBP22.00$g0$hP$5Uk
=ACF  \\$aPrevious copyright fee: GBP21.25$c13\1$e01-jan-2009$fGBP21.25$g0$hP$5Uk
=ACF  \\$aPrevious Copyright Fee: GBP16.75$c13\1$e31-jul-2007$fGBP16.75$g0$hP$5Uk
=ACF  \\$aPrevious Copyright Fee: GBP22.00$c22\1$e23-apr-2009$fGBP22.00$g0$hP$5Uk
=ACF  \\$aPrevious copyright fee: GBP22.00$c22\1$e12-aug-2012$fGBP22.00$g0$hP$5Uk
=ACF  \\$aPrevious copyright fee: GBP25.00$c22\1$e01-jan-2013$fGBP25.00$g0$hP$5Uk
=ACF  \\$aPrevious copyright fee: GBP25.77$c22\1$e01-jul-2013$fGBP25.77$g0$hP$5Uk
=ACF  \\$aPrevious copyright fee: GBP24.97$c22\1$e01-jan-2014$fGBP24.97$g0$hP$5Uk
=ACF  \\$aPrevious copyright fee: GBP24.21$c22\1$e01-jul-2014$fGBP24.21$g0$hP$5Uk
=ACF  \\$aPrevious copyright fee: GBP25.77$c22\1$e01-apr-2015$fGBP25.77$g0$hP$5Uk
=ACF  \\$aPrevious copyright fee: GBP26.63$c22\1$e01-jul-2015$fGBP26.63$g0$hP$5Uk
=ACF  \\$aPrevious copyright fee: GBP25.77$c22\1$e01-oct-2015$fGBP25.77$g0$hP$5Uk
=ACF  \\$aPrevious copyright fee: GBP27.55$c22\1$e01-apr-2016$fGBP27.55$g0$hP$5Uk
=ACF  \\$aPrevious copyright fee: GBP29.59$c22\1$e01-oct-2016$fGBP29.59$g0$hP$5Uk
=ACF  \\$aPrevious copyright fee: GBP31.96$c22\1$e01-apr-2017$fGBP31.96$g0$hP$5Uk
=ACF  \\$aPrevious copyright fee: GBP30.73$c22\1$e01-oct-2017$fGBP30.73$g0$hP$5Uk
=ACF  \\$aPrevious copyright fee: GBP28.54$c22\1$e01-apr-2018$fGBP28.54$g0$hP$5Uk
=LAS  \\$a5410$b40$c20230425$lBLL01$h0841

