=LDR  05343cas a2201201 a 4500
=001  015792485
=003  Uk
=005  20230410165758.0
=006  m\\\\\\\\d\\\\\\\\
=007  cr\cn|||||||||
=008  000906c19949999txuqr\pso\\\\\0\\\a0eng\c
=FMT  \\$a  SE
=010  \\$a00213546
=022  0\$a1531-5320$l1069-9384$21
=035  \\$a(OCoLC)44944457$z(OCoLC)60630496
=040  \\$aNSD$cNSD$dOCLCQ$dNSD$dOCLCS$dCIT$dLGG$dOCLCQ$dUk
=042  \\$ansdp$aukblsr
=050  14$aBF1$b.P865
=082  10$a150$222
=130  0\$aPsychonomic bulletin & review (Online)
=210  0\$aPsychon. bull. rev.$b(Online)
=222  \0$aPsychonomic bulletin & review$b(Online)
=245  10$aPsychonomic bulletin & review$h[electronic resource].
=246  3\$aPsychonomic bulletin and review
=260  \\$aAustin, TX :$bPsychonomic Society
=310  \\$aQuarterly
=336  \\$atext$2rdacontent
=337  \\$acomputer$2rdamedia
=338  \\$aonline resource$2rdacarrier
=362  1\$aPrint began with: Vol. 1, no. 1 (Mar. 1994).
=588  \\$aDescription based on: June 2000; title from title screen.
=588  \\$aLatest issue consulted: Vol. 18, no. 2 (Apr. 2011) (Springerlink, viewed Apr. 27, 2011).
=530  \\$aAlso issued in print.
=538  \\$aMode of access: World Wide Web.
=540  \\$aCurrent copyright fee: GBP29.95$c22\1$5Uk
=650  \0$aPsychology$vPeriodicals.
=650  \0$aPsychology, Experimental$vPeriodicals.
=650  \2$aPsychology$vPeriodicals.
=650  \2$aPsychology, Experimental$vPeriodicals.
=650  \2$aPsychophysiology$vPeriodicals.
=776  1\$tPsychonomic bulletin & review$x1069-9384
=856  \\$31850-9999$uhttp://www.springer.com/gb/$xBLDSS
=856  4\$uhttp://www.psychonomic.org
=856  40$uwww.springerlink.com/content/1069-9384/
=856  40$uhttp://www.ingentaselect.com/vl=15332268/cl=11/nw=1/rpsv/cw/psocpubs/10699384/contp1.htm$zLink no longer available
=859  \\$aXLD$bejournal
=852  41$aBritish Library$bDSC$j6946.540550$3Volume 6:Issue 2(1999)-Volume 24:Issue 6(2017)***See ESTAR for full holdings.
=945  \\$aPsychonomic bulletin and review
=959  \\$fHeld but not currently received
=979  \\$aBritish Library$bDSC$j6946.540550
=CAT  \\$a12500$b40$c20110415$lBLL01$h1354
=CAT  \\$aBATCH-UPD$b00$c20150219$lBLL01$h1744
=CAT  \\$aIPL-CLA$c20150331$lBLL01$h1713
=CAT  \\$aBATCH-UPD$b00$c20150520$lBLL01$h1752
=CAT  \\$aIPL-CLA$c20150630$lBLL01$h1714
=CAT  \\$aBATCH-UPD$b00$c20150820$lBLL01$h1839
=CAT  \\$aIPL-CLA$c20150930$lBLL01$h1841
=CAT  \\$aBATCH-UPD$b00$c20160217$lBLL01$h1730
=CAT  \\$aIPL-CLA$c20160331$lBLL01$h1804
=CAT  \\$aBATCH-UPD$b00$c20160524$lBLL01$h2214
=CAT  \\$aBATCH-UPD$b00$c20160525$lBLL01$h0052
=CAT  \\$aBATCH-UPD$b00$c20160824$lBLL01$h1756
=CAT  \\$aIPL-CLA$c20160930$lBLL01$h1632
=CAT  \\$aBATCH-UPD$b00$c20170216$lBLL01$h1845
=CAT  \\$aIPL-CLA$c20170331$lBLL01$h1910
=CAT  \\$aBATCH-UPD$b00$c20170904$lBLL01$h1854
=CAT  \\$aIPL-CLA$c20170929$lBLL01$h1756
=CAT  \\$aBATCH-UPD$b00$c20180223$lBLL01$h1726
=CAT  \\$aIPL-CLA$c20180331$lBLL01$h1654
=CAT  \\$aW1805-0475$c20180520$lBLL01$h1632
=CAT  \\$aBATCH-UPD$b00$c20180524$lBLL01$h1715
=CAT  \\$aIPL-CLA$c20180630$lBLL01$h1933
=CAT  \\$aW1908-0780$b00$c20200730$lBLL01$h1332
=CAT  \\$aCDS21$c20220118$lBLL01$h1105
=CAT  \\$aBATCH-UPD$b00$c20221121$lBLL01$h1405
=CAT  \\$aIPL-CLA$c20221231$lBLL01$h1450
=CAT  \\$a5410$b40$c20230410$lBLL01$h1657
=CFI  0\$aCurrent copyright fee: GBP29.95$c22\1$e01-jan-2023$fGBP29.95$g0$hP$5Uk
=CFI  2\$aPrevious copyright fee: GBP34.00$c22\1$e01-jul-2018$fGBP34.00$g0$hP$5Uk
=EST  \\$a1
=FFP  \\$aY$bBLDSS-3PM
=FIN  \\$aY$d20110427
=LKR  \\$aPAR$b009567094$lBLL01$r776$mPsychonomic bulletin & review (Online)$nPsychonomic bulletin and review.
=MNI  \\$a1069-9384
=SID  \\$aZ39$bOCLC
=TCO  \\$aTRS$bCCC$c008
=TOC  \\$aETOC
=UNO  \\$aY
=ACF  \\$aPrevious copyright fee: GBP22.00$c22\3$e15-apr-2011$fGBP22.00$g0$hP$5Uk
=ACF  \\$aPrevious copyright fee: GBP22.00$c22\3$e12-aug-2012$fGBP22.00$g0$hP$5Uk
=ACF  \\$aPrevious copyright fee: GBP25.00$c22\3$e01-jan-2013$fGBP25.00$g0$hP$5Uk
=ACF  \\$aPrevious copyright fee: GBP25.77$c22\3$e01-jul-2013$fGBP25.77$g0$hP$5Uk
=ACF  \\$aPrevious copyright fee: GBP24.97$c22\3$e01-jan-2014$fGBP24.97$g0$hP$5Uk
=ACF  \\$aPrevious copyright fee: GBP24.21$c22\3$e01-jul-2014$fGBP24.21$g0$hP$5Uk
=ACF  \\$aPrevious copyright fee: GBP25.77$c22\3$e01-apr-2015$fGBP25.77$g0$hP$5Uk
=ACF  \\$aPrevious copyright fee: GBP26.63$c22\3$e01-jul-2015$fGBP26.63$g0$hP$5Uk
=ACF  \\$aPrevious copyright fee: GBP25.77$c22\3$e01-oct-2015$fGBP25.77$g0$hP$5Uk
=ACF  \\$aPrevious copyright fee: GBP27.55$c22\3$e01-apr-2016$fGBP27.55$g0$hP$5Uk
=ACF  \\$aPrevious copyright fee: GBP29.59$c22\3$e01-oct-2016$fGBP29.59$g0$hP$5Uk
=ACF  \\$aPrevious copyright fee: GBP31.96$c22\3$e01-apr-2017$fGBP31.96$g0$hP$5Uk
=ACF  \\$aPrevious copyright fee: GBP30.73$c22\3$e01-oct-2017$fGBP30.73$g0$hP$5Uk
=ACF  \\$aPrevious copyright fee: GBP28.54$c22\3$e01-apr-2018$fGBP28.54$g0$hP$5Uk
=LAS  \\$a5410$b40$c20230410$lBLL01$h1657

