=LDR  05502cas a2201213 a 4500
=001  015798430
=003  Uk
=005  20230519193127.0
=006  m\\\\\\\\d\\\\\\\\
=007  cr||||||||||||
=008  980813c19989999ne\qr\pso\\\\\0\\\\0eng\d
=FMT  \\$a  SE
=022  \\$a1877-8755
=035  \\$a(OCoLC)70708332
=040  \\$aCUD$beng$cCUD$dOCLCS$dCIT$dOCLCQ$dUk
=041  0\$aeng$aspa
=042  \\$aukblsr
=050  \4$aQP1
=060  00$aW1$bRE534
=082  04$a571.05$222
=130  0\$aJournal of physiology and biochemistry (Online)
=210  0\$aJ. physiol. biochem.$b(Online)
=222  \0$aJournal of physiology and biochemistry$b(Online)
=245  10$aJournal of physiology and biochemistry$h[electronic resource].
=260  \\$aPamplona, Spain :$bServicio de Publicaciones de la Universidad de Navarra (Departamentos de Fisiología y Nutrición y de Bioquimica)
=260  3\$3<2009>-$aDordrecht :$bSpringer
=310  \\$aQuarterly
=336  \\$atext$2rdacontent
=337  \\$acomputer$2rdamedia
=338  \\$aonline resource$2rdacarrier
=362  1\$aBegan with: vol. 54, no. 1 (Mar. 1998).
=500  \\$aBeginning in 1998 title only in English.
=546  \\$aChiefly in English; some Spanish.
=550  \\$aOfficial journal of the University of Navarra, Spain.
=588  \\$aDescription based on: Vol. 56, no. 1 (Mar. 2000); title from journal home page (SpringerLink, Feb. 10, 2010).
=588  \\$aLatest issue consulted: Vol. 67, no. 1 (Mar. 2011) (viewed May 12, 2011).
=540  \\$aCurrent copyright fee: GBP34.95$c22\1$5Uk
=650  \0$aPhysiology$vPeriodicals.
=650  \0$aBiochemistry$vPeriodicals.
=710  2\$aUniversidad de Navarra.
=776  08$iPrint version$tJournal of physiology and biochemistry$x1138-7548
=780  00$tRevista española de fisiología$x0034-9402
=856  \\$31850-9999$uhttp://www.springer.com/gb/$xBLDSS
=856  4\$uhttp://www.unav.es/fyn/jphysiolbiochem/default.html$zLink no longer valid as of Feb. 10, 2010
=856  40$uhttp://www.springerlink.com/content/121648/
=859  \\$aXLD$bejournal
=852  41$aBritish Library$bDSC$j5039.300000$3Volume 65:Issue 1(2009)-Volume 74:Issue 1(2018)***See ESTAR for full holdings.
=945  \\$aJournal of physiology and biochemistry
=959  \\$fHeld but not currently received
=979  \\$aBritish Library$bDSC$j5039.300000
=CAT  \\$a12500$b40$c20110503$lBLL01$h1433
=CAT  \\$aBATCH-UPD$b00$c20150520$lBLL01$h1752
=CAT  \\$aIPL-CLA$c20150630$lBLL01$h1714
=CAT  \\$aBATCH-UPD$b00$c20150820$lBLL01$h1839
=CAT  \\$aIPL-CLA$c20150930$lBLL01$h1841
=CAT  \\$aBATCH-UPD$b00$c20160217$lBLL01$h1730
=CAT  \\$aIPL-CLA$c20160331$lBLL01$h1804
=CAT  \\$aBATCH-UPD$b00$c20160524$lBLL01$h2214
=CAT  \\$aBATCH-UPD$b00$c20160525$lBLL01$h0052
=CAT  \\$aBATCH-UPD$b00$c20160824$lBLL01$h1756
=CAT  \\$aIPL-CLA$c20160930$lBLL01$h1633
=CAT  \\$aBATCH-UPD$b00$c20170216$lBLL01$h1845
=CAT  \\$aIPL-CLA$c20170331$lBLL01$h1910
=CAT  \\$aBATCH-UPD$b00$c20170904$lBLL01$h1854
=CAT  \\$aIPL-CLA$c20170929$lBLL01$h1756
=CAT  \\$aBATCH-UPD$b00$c20180223$lBLL01$h1726
=CAT  \\$aIPL-CLA$c20180331$lBLL01$h1654
=CAT  \\$aW1805-0475$c20180520$lBLL01$h1632
=CAT  \\$aBATCH-UPD$b00$c20180524$lBLL01$h1715
=CAT  \\$aIPL-CLA$c20180630$lBLL01$h1933
=CAT  \\$aW1908-0780$b00$c20200730$lBLL01$h1332
=CAT  \\$a5552$b40$c20210819$lBLL01$h1059
=CAT  \\$aIPL-CLA$c20210930$lBLL01$h1528
=CAT  \\$aCDS21$c20220118$lBLL01$h1105
=CAT  \\$aBATCH-UPD$b00$c20221121$lBLL01$h1412
=CAT  \\$aIPL-CLA$c20221231$lBLL01$h1450
=CAT  \\$a5410$b40$c20230519$lBLL01$h1931
=CFI  0\$aCurrent copyright fee: GBP34.95$c22\1$e01-jan-2023$fGBP34.95$g0$hP$5Uk
=CFI  2\$aPrevious copyright fee: GBP43.00$c22\1$e01-oct-2021$fGBP43.00$g0$hP$5Uk
=EST  \\$a1
=FFP  \\$aY$bBLDSS-3PM
=FIN  \\$aY$d20110512
=MNI  \\$a1138-7548
=SID  \\$aZ39$bOCLC
=TCO  \\$aNLD$bSTICHTING REPRORECHT$c008
=TCO  \\$aESP$bCEDRO$c008
=TOC  \\$aETOC
=UNO  \\$aY
=ACF  \\$aPrevious copyright fee: GBP22.00$c22\3$e03-may-2011$fGBP22.00$g0$hP$5Uk
=ACF  \\$aPrevious copyright fee: GBP22.00$c22\3$e12-aug-2012$fGBP22.00$g0$hP$5Uk
=ACF  \\$aPrevious copyright fee: GBP25.00$c22\3$e01-jan-2013$fGBP25.00$g0$hP$5Uk
=ACF  \\$aPrevious copyright fee: GBP25.77$c22\3$e01-jul-2013$fGBP25.77$g0$hP$5Uk
=ACF  \\$aPrevious copyright fee: GBP24.97$c22\3$e01-jan-2014$fGBP24.97$g0$hP$5Uk
=ACF  \\$aPrevious copyright fee: GBP24.21$c22\3$e01-jul-2014$fGBP24.21$g0$hP$5Uk
=ACF  \\$aPrevious copyright fee: GBP25.77$c22\3$e01-apr-2015$fGBP25.77$g0$hP$5Uk
=ACF  \\$aPrevious copyright fee: GBP26.63$c22\3$e01-jul-2015$fGBP26.63$g0$hP$5Uk
=ACF  \\$aPrevious copyright fee: GBP25.77$c22\3$e01-oct-2015$fGBP25.77$g0$hP$5Uk
=ACF  \\$aPrevious copyright fee: GBP27.55$c22\3$e01-apr-2016$fGBP27.55$g0$hP$5Uk
=ACF  \\$aPrevious copyright fee: GBP29.59$c22\3$e01-oct-2016$fGBP29.59$g0$hP$5Uk
=ACF  \\$aPrevious copyright fee: GBP31.96$c22\3$e01-apr-2017$fGBP31.96$g0$hP$5Uk
=ACF  \\$aPrevious copyright fee: GBP30.73$c22\3$e01-oct-2017$fGBP30.73$g0$hP$5Uk
=ACF  \\$aPrevious copyright fee: GBP28.54$c22\3$e01-apr-2018$fGBP28.54$g0$hP$5Uk
=ACF  \\$aPrevious copyright fee: GBP34.00$c22\1$e01-jul-2018$fGBP34.00$g0$hP$5Uk
=LAS  \\$a5410$b40$c20230519$lBLL01$h1931

