=LDR  05904cas a2201273 a 4500
=001  015824192
=003  Uk
=005  20230409114029.0
=006  m\\\\\\\\d\\\\\\\\
=007  cr\un|||||||||
=008  051113c20059999cc\mr\pss\\\\\0\\\a0eng\\
=FMT  \\$a  SE
=022  \\$a1862-1775$y1673-565X
=035  \\$a(OCoLC)62267200
=040  \\$aUND$cUND$dUND$dOCL$dSTF$dCIT$dUk
=042  \\$aukblsr
=043  \\$aa-cc---
=050  14$aQ1
=082  04$a600$223
=130  0\$aJournal of Zhejiang University.$pScience.$nA (Online)
=210  1\$aJ. Zhejiang Univ., Sci. A$b(Internet)
=222  \0$aJournal of Zhejiang University. Science A$b(Internet)
=245  10$aJournal of Zhejiang University.$pScience.$nA$h[electronic resource].
=246  30$aScience.$nA
=246  1\$iCalled also:$aSciences in engineering
=246  13$aJZUSA
=246  13$aJournal of Zhejiang University.$pScience.$nA,$pApplied physics & Engineering
=246  1\$iIssues for <2006- > also have other title information:$aInternational applied physics & engineering journal
=260  \\$aHangzhou :$bZhejiang University Press ;$a[Berlin] :$bSpringer
=310  \\$aMonthly
=336  \\$atext$2rdacontent
=337  \\$acomputer$2rdamedia
=338  \\$aonline resource$2rdacarrier
=362  0\$aVol. 6, no. 1 (Jan. 2005)-
=500  \\$aTitle from web page (viewed Nov. 13, 2005).
=515  \\$aDesignation from vol. 7- dropped the alphabet (i.e. A).
=588  \\$aLatest issue consulted: Vol. 12, no. 8 (Aug. 2011) (SpringerLink, viewed Aug. 17, 2011).
=525  \\$aSome issues accompanied by supplements.
=540  \\$aCurrent copyright fee: GBP29.95$c22\1$5Uk
=650  \0$aTechnology$vPeriodicals.
=650  \0$aEngineering$vPeriodicals.
=650  \0$aPhysics$vPeriodicals.
=710  2\$aZhejiang da xue.
=776  08$iPrint version$tJournal of Zhejiang University. Science. A$x1673-565X
=780  01$tJournal of Zhejiang University. Science (Online)
=856  \\$31850-9999$uhttp://www.springer.com/gb/$xBLDSS
=856  4\$uhttp://firstsearch.oclc.org$zAddress for accessing the journal using authorization number and password through OCLC FirstSearch Electronic Collections Online
=856  40$uhttp://www.springerlink.com/content/119966/
=856  40$uhttp://www.zju.edu.cn/jzus/archives.php?type=A
=859  \\$aXLD$bejournal
=852  \\$aBritish Library$bDSC$j4918.150526$3Volume 7, Issue 1 (2006)-[2011]***See ESTAR for full holdings.
=852  41$aBritish Library$bDSC$j4918.150526$3Volume 10:Issue 1(2009)-Volume 19:Issue 3(2018)***See ESTAR for full holdings.
=945  \\$aJournal - Zhejiang University Science A
=959  \\$fHeld but not currently received
=979  \\$aBritish Library$bDSC$j4918.150526
=979  \\$aBritish Library$bDSC$j4918.150526
=CAT  \\$a12500$b40$c20110613$lBLL01$h1147
=CAT  \\$aIPL-CLA$c20150331$lBLL01$h1714
=CAT  \\$aBATCH-UPD$b00$c20150520$lBLL01$h1752
=CAT  \\$aIPL-CLA$c20150630$lBLL01$h1715
=CAT  \\$aBATCH-UPD$b00$c20150820$lBLL01$h1839
=CAT  \\$aIPL-CLA$c20150930$lBLL01$h1842
=CAT  \\$aBATCH-UPD$b00$c20160217$lBLL01$h1730
=CAT  \\$aIPL-CLA$c20160331$lBLL01$h1804
=CAT  \\$aBATCH-UPD$b00$c20160520$lBLL01$h0818
=CAT  \\$aBATCH-UPD$b00$c20160524$lBLL01$h2214
=CAT  \\$aBATCH-UPD$b00$c20160824$lBLL01$h1757
=CAT  \\$aIPL-CLA$c20160930$lBLL01$h1633
=CAT  \\$aBATCH-UPD$b00$c20170216$lBLL01$h1845
=CAT  \\$aIPL-CLA$c20170331$lBLL01$h1910
=CAT  \\$aBATCH-UPD$b00$c20170904$lBLL01$h1854
=CAT  \\$aIPL-CLA$c20170929$lBLL01$h1756
=CAT  \\$aBATCH-UPD$b00$c20180223$lBLL01$h1726
=CAT  \\$aIPL-CLA$c20180331$lBLL01$h1655
=CAT  \\$aW1805-0475$c20180520$lBLL01$h1632
=CAT  \\$aBATCH-UPD$b00$c20180524$lBLL01$h1715
=CAT  \\$aIPL-CLA$c20180630$lBLL01$h1934
=CAT  \\$aW1908-0780$b00$c20200730$lBLL01$h1332
=CAT  \\$aCDS21$c20220118$lBLL01$h1105
=CAT  \\$aBATCH-UPD$b00$c20221121$lBLL01$h1405
=CAT  \\$a5410$b40$c20221210$lBLL01$h1742
=CAT  \\$aIPL-CLA$c20221231$lBLL01$h1450
=CAT  \\$a5410$b40$c20230409$lBLL01$h1140
=CFI  0\$aCurrent copyright fee: GBP29.95$c22\1$e01-jan-2023$fGBP29.95$g0$hP$5Uk
=CFI  2\$aPrevious copyright fee: GBP34.00$c22\1$e01-jul-2018$fGBP34.00$g0$hP$5Uk
=EST  \\$a1
=FFP  \\$aY$bBLDSS-3PM
=FIN  \\$aY$d20110817
=LKR  \\$aPAR$b013430237$lBLL01$nJournal of Zhejiang University. Science$mJournal of Zhejiang University. Science. A$r78000
=MNI  \\$a1673-565X
=SID  \\$aZ39$bOCLC
=TCO  \\$aZZZ$c008
=TOC  \\$aETOC
=UNO  \\$aY
=ACF  \\$aPrevious copyright fee: GBP22.00$c22\3$e13-jun-2011$fGBP22.00$g0$hP$5Uk
=ACF  \\$aPrevious copyright fee: GBP22.00$c22\3$e12-aug-2012$fGBP22.00$g0$hP$5Uk
=ACF  \\$aPrevious copyright fee: GBP25.00$c22\3$e01-jan-2013$fGBP25.00$g0$hP$5Uk
=ACF  \\$aPrevious copyright fee: GBP25.77$c22\3$e01-jul-2013$fGBP25.77$g0$hP$5Uk
=ACF  \\$aPrevious copyright fee: GBP24.97$c22\3$e01-jan-2014$fGBP24.97$g0$hP$5Uk
=ACF  \\$aPrevious copyright fee: GBP24.21$c22\3$e01-jul-2014$fGBP24.21$g0$hP$5Uk
=ACF  \\$aPrevious copyright fee: GBP25.77$c22\3$e01-apr-2015$fGBP25.77$g0$hP$5Uk
=ACF  \\$aPrevious copyright fee: GBP26.63$c22\3$e01-jul-2015$fGBP26.63$g0$hP$5Uk
=ACF  \\$aPrevious copyright fee: GBP25.77$c22\3$e01-oct-2015$fGBP25.77$g0$hP$5Uk
=ACF  \\$aPrevious copyright fee: GBP27.55$c22\3$e01-apr-2016$fGBP27.55$g0$hP$5Uk
=ACF  \\$aPrevious copyright fee: GBP29.59$c22\3$e01-oct-2016$fGBP29.59$g0$hP$5Uk
=ACF  \\$aPrevious copyright fee: GBP31.96$c22\3$e01-apr-2017$fGBP31.96$g0$hP$5Uk
=ACF  \\$aPrevious copyright fee: GBP30.73$c22\3$e01-oct-2017$fGBP30.73$g0$hP$5Uk
=ACF  \\$aPrevious copyright fee: GBP28.54$c22\3$e01-apr-2018$fGBP28.54$g0$hP$5Uk
=LAS  \\$a5410$b40$c20230409$lBLL01$h1140

