=LDR  06817cas a2201321 a 4500
=001  013820103
=003  Uk
=005  20230313133704.0
=006  m\\\\\o\\d\\\\\\\\
=007  cr\mnu||||||||
=008  000111c19949999ne\qr\pso\o\\\0\\\a0eng\c
=FMT  \\$a  SE
=010  \\$a2010234709
=022  \\$a1874-6292
=035  \\$a(OCoLC)43256306$z(OCoLC)44653769
=040  \\$aAAA$beng$cAAA$dOCL$dOCLCQ$dOCL$dOCLCS$dOCL$dNSD$dCO3$dEYM$dHUL$dOCLCA$dMYG$dOCLCQ$dUk
=041  0\$aeng$afre$ager$aita$aspa
=042  \\$aukblsr
=043  \\$ae-gr---$ae------$aff-----
=050  14$aPN883$b.I54
=082  04$a809.005$223
=130  0\$aInternational journal of the classical tradition (Online)
=222  \0$aInternational journal of the classical tradition$b(Online)
=245  10$aInternational journal of the classical tradition$h[electronic resource] :$bIJCT : the official journal of the International Society for the Classical Tradition.
=246  30$aIJCT
=260  \\$aNew Brunswick, N.J. :$bTransaction Periodicals Consortium,$cc1994-
=264  31$aDordrecht :$bSpringer Netherlands
=310  \\$aQuarterly
=336  \\$atext$2rdacontent
=337  \\$acomputer$2rdamedia
=338  \\$aonline resource$2rdacarrier
=362  0\$aVol. 1, no. 1 (summer 1994)-
=550  \\$aOfficial journal of the International Society for the Classical Tradition.
=546  \\$aArticles in English, French, German, Italian, and Spanish.
=588  \\$aDescription based on: Vol. 1, no. 1 (summer 1994); title from cover (JSTOR, viewed Aug. 25, 2010).
=588  \\$aLatest issue consulted: volume 20, issue 3 (September 2013) (SpringerLink, viewed November 21, 2013).
=540  \\$aCurrent copyright fee: GBP29.95$c22\1$5Uk
=650  \0$aComparative literature$xClassical and modern$vPeriodicals.
=650  \0$aComparative literature$xModern and classical$vPeriodicals.
=650  \0$aCivilization, Western$xClassical influences$vPeriodicals.
=650  \0$aArts, Modern$xClassical influences$vPeriodicals.
=650  \0$aClassicism$vPeriodicals.
=650  \0$aCivilization, Classical$vPeriodicals.
=710  2\$aInternational Society for the Classical Tradition,$eissuing body.
=710  2\$aTransaction Periodicals Consortium.
=776  08$iPrint version:$tInternational journal of the classical tradition$x1073-0508
=856  \\$31850-9999$uhttp://www.springer.com/gb/$xBLDSS
=856  4\$uhttp://firstsearch.oclc.org$zAddress for accessing the journal using authorization number and password through OCLC FirstSearch Electronic Collections Online. Subscription to online journal required for access to abstracts and full text
=856  4\$uhttp://firstsearch.oclc.org/journal=1073-0508;screen=info;ECOIP$zAddress for accessing the journal from an authorized IP address through OCLC FirstSearch Electronic Collections Online. Subscription to online journal required for access to abstracts and full text
=856  40$uhttp://link.springer.com/journal/12138
=856  40$uhttp://www.jstor.org/journals/10730508.html
=856  40$uhttp://www.metapress.com/openurl.asp?genre=journal&issn=1073-0508
=859  \\$aXLD$bejournal
=852  41$aBritish Library$bDSC$j4542.167500$3Volume 3:Issue 4(1997)-Volume 25:Issue 1(2018)***See ESTAR for full holdings.
=945  \\$aInternational journal of the classical tradition
=959  \\$fHeld but not currently received
=979  \\$aBritish Library$bDSC$j4542.167500
=CAT  \\$a7174$b40$c20070816$lBLL01$h1304
=CAT  \\$aBATCH-UPD$b00$c20150219$lBLL01$h1756
=CAT  \\$aIPL-CLA$c20150331$lBLL01$h1650
=CAT  \\$aBATCH-UPD$b00$c20150520$lBLL01$h1759
=CAT  \\$aIPL-CLA$c20150630$lBLL01$h1656
=CAT  \\$aBATCH-UPD$b00$c20150820$lBLL01$h1846
=CAT  \\$aIPL-CLA$c20150930$lBLL01$h1819
=CAT  \\$aBATCH-UPD$b00$c20160217$lBLL01$h1737
=CAT  \\$aIPL-CLA$c20160331$lBLL01$h1741
=CAT  \\$aBATCH-UPD$b00$c20160524$lBLL01$h2211
=CAT  \\$aBATCH-UPD$b00$c20160525$lBLL01$h0029
=CAT  \\$aBATCH-UPD$b00$c20160824$lBLL01$h1804
=CAT  \\$aIPL-CLA$c20160930$lBLL01$h1614
=CAT  \\$aBATCH-UPD$b00$c20170216$lBLL01$h1852
=CAT  \\$aIPL-CLA$c20170331$lBLL01$h1853
=CAT  \\$aBATCH-UPD$b00$c20170904$lBLL01$h1902
=CAT  \\$aIPL-CLA$c20170929$lBLL01$h1738
=CAT  \\$aBATCH-UPD$b00$c20180223$lBLL01$h1736
=CAT  \\$aIPL-CLA$c20180331$lBLL01$h1630
=CAT  \\$aW1805-0475$c20180520$lBLL01$h1632
=CAT  \\$aBATCH-UPD$b00$c20180524$lBLL01$h1722
=CAT  \\$aIPL-CLA$c20180630$lBLL01$h1922
=CAT  \\$aW1908-0780$b00$c20200730$lBLL01$h1331
=CAT  \\$aCDS21$c20220118$lBLL01$h1105
=CAT  \\$aBATCH-UPD$b00$c20221121$lBLL01$h1402
=CAT  \\$aIPL-CLA$c20221231$lBLL01$h1448
=CAT  \\$a5410$b40$c20230313$lBLL01$h1337
=CFI  0\$aCurrent copyright fee: GBP29.95$c22\1$e01-jan-2023$fGBP29.95$g0$hP$5Uk
=CFI  2\$aPrevious copyright fee: GBP34.00$c22\1$e01-jul-2018$fGBP34.00$g0$hP$5Uk
=EST  \\$a1
=FFP  \\$aY$bBLDSS-3PM
=FIN  \\$aY$d20131121
=LKR  \\$aPAR$b009858329$lBLL01$nInternational journal of the classical tradition (Print)$mInternational journal of the classical tradition (Online)$r776
=MNI  \\$a1073-0508
=SID  \\$aZ39$bOCLC
=TCO  \\$aNLD$bSTICHTING REPRORECHT$c008
=TCO  \\$aTRS$bCCC$c008
=TOC  \\$aETOC
=UNO  \\$aY
=ACF  \\$aPrevious copyright fee: GBP21.25$c22\3$e01-jan-2009$fGBP21.25$g0$hP$5Uk
=ACF  \\$aPrevious Copyright Fee: GBP16.75$c22\3$e16-aug-2007$fGBP16.75$g0$hP$5Uk
=ACF  \\$aPrevious copyright fee: GBP22.00$c22\8$e01-apr-2009$fGBP22.00$g0$hP$5Uk
=ACF  \\$aPrevious copyright fee: GBP22.00$c22\8$e12-aug-2012$fGBP22.00$g0$hP$5Uk
=ACF  \\$aPrevious copyright fee: GBP25.00$c22\8$e01-jan-2013$fGBP25.00$g0$hP$5Uk
=ACF  \\$aPrevious copyright fee: GBP25.77$c22\8$e01-jul-2013$fGBP25.77$g0$hP$5Uk
=ACF  \\$aPrevious copyright fee: GBP24.97$c22\8$e01-jan-2014$fGBP24.97$g0$hP$5Uk
=ACF  \\$aPrevious copyright fee: GBP24.21$c22\8$e01-jul-2014$fGBP24.21$g0$hP$5Uk
=ACF  \\$aPrevious copyright fee: GBP25.77$c22\8$e01-apr-2015$fGBP25.77$g0$hP$5Uk
=ACF  \\$aPrevious copyright fee: GBP26.63$c22\8$e01-jul-2015$fGBP26.63$g0$hP$5Uk
=ACF  \\$aPrevious copyright fee: GBP25.77$c22\8$e01-oct-2015$fGBP25.77$g0$hP$5Uk
=ACF  \\$aPrevious copyright fee: GBP27.55$c22\8$e01-apr-2016$fGBP27.55$g0$hP$5Uk
=ACF  \\$aPrevious copyright fee: GBP29.59$c22\8$e01-oct-2016$fGBP29.59$g0$hP$5Uk
=ACF  \\$aPrevious copyright fee: GBP31.96$c22\8$e01-apr-2017$fGBP31.96$g0$hP$5Uk
=ACF  \\$aPrevious copyright fee: GBP30.73$c22\8$e01-oct-2017$fGBP30.73$g0$hP$5Uk
=ACF  \\$aPrevious copyright fee: GBP28.54$c22\8$e01-apr-2018$fGBP28.54$g0$hP$5Uk
=LAS  \\$a5410$b40$c20230313$lBLL01$h1337

