=LDR  06336cas a2201225 a 4500
=001  013833213
=003  Uk
=005  20230313135330.0
=006  m\\\\\\\\d\\\\\\\\
=007  cr\|n|||||||||
=008  070828c19949999ne\qr\poo\\\\\0\\\a0eng\d
=FMT  \\$a  SE
=022  \\$a1886-1784$y1134-3060$l1134-3060
=035  \\$a(OCoLC)858606274
=040  \\$aGAT$beng$cCUD$dUk
=042  \\$aukblsr
=050  14$aTA330$b.A734
=082  04$a620.00151$223
=130  0\$aArchives of computational methods in engineering (Online)
=210  0\$aArch. comput. methods eng.$b(Internet)
=222  \0$aArchives of computational methods in engineering$b(Internet)
=245  10$aArchives of computational methods in engineering$h[electronic resource] :$bstate of the art reviews.
=246  13$aArch comput methods eng
=260  \\$aBarcelona, Spain :$bInternational Center for Numerical Methods in Engineering,$cc1994-
=264  31$a[Dordrecht] :$bSpringer Netherlands
=310  \\$aQuarterly
=336  \\$atext$2rdacontent
=337  \\$acomputer$2rdamedia
=338  \\$aonline resource$2rdacarrier
=362  1\$aBegan with: Vol. 1, no. 1 (Mar. 1994).
=500  \\$a"State of the art reviews."
=506  \\$aAccess restricted to authorised University of Cambridge users.
=588  \\$aDescription based on first issue; title from PDF article running title (SpringerLink, viewed Aug. 19, 2008).
=588  \\$aLatest issue consulted: volume 20, issue 4 (December 2013) (SpringerLink, viewed November 21, 2013).
=540  \\$aCurrent copyright fee: GBP29.95$c22\1$5Uk
=650  \0$aEngineering mathematics$vPeriodicals.
=776  08$iAlso issued in print as:
=710  2\$aUniversitat Politècnica de Catalunya.$bCentre Internacional de Mètodes Numèrics en Enginyerias.
=776  08$iPrint version:$tArchives of computational methods in engineering$x1134-3060
=856  \\$31850-9999$uhttp://www.springer.com/gb/$xBLDSS
=856  40$uhttp://link.springer.com/journal/11831
=856  40$uhttp://ezproxy.lib.cam.ac.uk:2048/login?url=http://search.proquest.com/publication/1486352$zFull text available from ABI/INFORM Complete: 01/03/1997 to present
=856  40$uhttp://ezproxy.lib.cam.ac.uk:2048/login?url=http://link.springer.com/openurl?genre=journal&issn=1134-3060&volume=$zFull text available from Springer Online Journal Archives (Through 1996): 01/03/1994 to 31/12/1996
=856  40$uhttp://ezproxy.lib.cam.ac.uk:2048/login?url=http://link.springer.com/openurl?genre=journal&issn=1134-3060&volume=$zFull text available from SpringerLINK Contemporary (NESLi2 Option 1 Closed Consortium): 01/01/1997 to present
=859  \\$aXLD$bejournal
=852  41$aBritish Library$bDSC$j1634.115090$3Volume 14:Issue 1(2007)-Volume 25:Issue 2(2018)***See ESTAR for full holdings.
=945  \\$aArchives of computational methods in engineering
=959  \\$fHeld but not currently received
=979  \\$aBritish Library$bDSC$j1634.115090
=CAT  \\$a7174$b40$c20070904$lBLL01$h1552
=CAT  \\$aBATCH-UPD$b00$c20150520$lBLL01$h1750
=CAT  \\$aIPL-CLA$c20150630$lBLL01$h1656
=CAT  \\$aBATCH-UPD$b00$c20150820$lBLL01$h1838
=CAT  \\$aIPL-CLA$c20150930$lBLL01$h1819
=CAT  \\$aBATCH-UPD$b00$c20160217$lBLL01$h1728
=CAT  \\$aIPL-CLA$c20160331$lBLL01$h1742
=CAT  \\$aBATCH-UPD$b00$c20160524$lBLL01$h2211
=CAT  \\$aBATCH-UPD$b00$c20160525$lBLL01$h0029
=CAT  \\$aBATCH-UPD$b00$c20160824$lBLL01$h1755
=CAT  \\$aIPL-CLA$c20160930$lBLL01$h1614
=CAT  \\$aBATCH-UPD$b00$c20170216$lBLL01$h1844
=CAT  \\$aIPL-CLA$c20170331$lBLL01$h1853
=CAT  \\$aBATCH-UPD$b00$c20170904$lBLL01$h1852
=CAT  \\$aIPL-CLA$c20170929$lBLL01$h1739
=CAT  \\$aBATCH-UPD$b00$c20180223$lBLL01$h1722
=CAT  \\$aIPL-CLA$c20180331$lBLL01$h1630
=CAT  \\$aW1805-0475$c20180520$lBLL01$h1632
=CAT  \\$aBATCH-UPD$b00$c20180524$lBLL01$h1714
=CAT  \\$aIPL-CLA$c20180630$lBLL01$h1922
=CAT  \\$a14633$b40$c20190304$lBLL01$h1155
=CAT  \\$aBATCH-UPD$b40$c20190304$lBLL01$h1156
=CAT  \\$aW1908-0780$b00$c20200730$lBLL01$h1331
=CAT  \\$aCDS21$c20220118$lBLL01$h1105
=CAT  \\$aBATCH-UPD$b00$c20221121$lBLL01$h1402
=CAT  \\$aIPL-CLA$c20221231$lBLL01$h1448
=CAT  \\$a5410$b40$c20230313$lBLL01$h1353
=CFI  0\$aCurrent copyright fee: GBP29.95$c22\1$e01-jan-2023$fGBP29.95$g0$hP$5Uk
=CFI  2\$aPrevious copyright fee: GBP34.00$c22\1$e01-jul-2018$fGBP34.00$g0$hP$5Uk
=EST  \\$a1
=FFP  \\$aY$bBLDSS-3PM
=FIN  \\$aY$d20131121
=LKR  \\$aPAR$b010464842$lBLL01$nArchives of computational methods in engineering (Print)$mArchives of computational methods in engineering (Online)$r776
=MNI  \\$a1134-3060
=SID  \\$aZ39$bOCLC
=TCO  \\$aNLD$bSTICHTING REPRORECHT$c008
=TCO  \\$aESP$bCEDRO$c008
=TOC  \\$aETOC
=UNO  \\$aY
=ACF  \\$aPrevious copyright fee: GBP21.25$c22\3$e01-jan-2009$fGBP21.25$g0$hP$5Uk
=ACF  \\$aPrevious Copyright Fee: GBP16.75$c22\3$e04-sep-2007$fGBP16.75$g0$hP$5Uk
=ACF  \\$aPrevious copyright fee: GBP22.00$c22\3$e01-apr-2009$fGBP22.00$g0$hP$5Uk
=ACF  \\$aPrevious copyright fee: GBP22.00$c22\3$e12-aug-2012$fGBP22.00$g0$hP$5Uk
=ACF  \\$aPrevious copyright fee: GBP25.00$c22\3$e01-jan-2013$fGBP25.00$g0$hP$5Uk
=ACF  \\$aPrevious copyright fee: GBP25.77$c22\3$e01-jul-2013$fGBP25.77$g0$hP$5Uk
=ACF  \\$aPrevious copyright fee: GBP24.97$c22\3$e01-jan-2014$fGBP24.97$g0$hP$5Uk
=ACF  \\$aPrevious copyright fee: GBP24.21$c22\3$e01-jul-2014$fGBP24.21$g0$hP$5Uk
=ACF  \\$aPrevious copyright fee: GBP25.77$c22\3$e01-apr-2015$fGBP25.77$g0$hP$5Uk
=ACF  \\$aPrevious copyright fee: GBP26.63$c22\3$e01-jul-2015$fGBP26.63$g0$hP$5Uk
=ACF  \\$aPrevious copyright fee: GBP25.77$c22\3$e01-oct-2015$fGBP25.77$g0$hP$5Uk
=ACF  \\$aPrevious copyright fee: GBP27.55$c22\3$e01-apr-2016$fGBP27.55$g0$hP$5Uk
=ACF  \\$aPrevious copyright fee: GBP29.59$c22\3$e01-oct-2016$fGBP29.59$g0$hP$5Uk
=ACF  \\$aPrevious copyright fee: GBP31.96$c22\3$e01-apr-2017$fGBP31.96$g0$hP$5Uk
=ACF  \\$aPrevious copyright fee: GBP30.73$c22\3$e01-oct-2017$fGBP30.73$g0$hP$5Uk
=ACF  \\$aPrevious copyright fee: GBP28.54$c22\3$e01-apr-2018$fGBP28.54$g0$hP$5Uk
=LAS  \\$a5410$b40$c20230313$lBLL01$h1353

