=LDR  05836cas a2201237 a 4500
=001  013952837
=003  Uk
=005  20221231144849.0
=006  m\\\\fo\\d\\\\\\\\
=007  cr\|||||||||||
=008  000515d19912003ohubr\poo\\\\\0\\\a0eng\c
=FMT  \\$a  SE
=010  \\$a  2003212191
=022  \\$a1544-1032$l1054-9714$y1054-9714$2j
=035  \\$a(OCoLC)44054002
=040  \\$aFHM$beng$cFHM$dOCLCQ$dNSD$dOCLCQ$dOCL$dKSU$dOCLCQ$dTXA$dDLC$dOCLCF$dUk
=042  \\$aukblsr
=050  14$aTN689$b.J68
=082  04$a530.474$223
=130  0\$aJournal of phase equilibria (Online)
=210  0\$aJ. phase equilibria$b(Online)
=222  \0$aJournal of phase equilibria$b(Online)
=245  10$aJournal of phase equilibria$h[electronic resource].
=260  \\$a[Materials Park, OH :$bASM International,$c1991-2003]
=310  \\$aBimonthly
=336  \\$atext$2rdacontent
=337  \\$acomputer$2rdamedia
=338  \\$aonline resource$2rdacarrier
=362  1\$aBegan with: Vol. 12, no. 1 (Feb. 1991); ceased with: Vol. 24, no. 6 (Dec. 2003).
=580  \\$aIncludes issues of earlier title: Bulletin of alloy phase diagrams.
=588  \\$aDescription based on: Vol. 12, no. 1 (Feb. 1991); title from PDF article running title (SpringerLink, viewed May 21, 2012).
=588  \\$aLast issue consulted: Vol. 24, no. 6 (Dec. 2003) (SpringerLink, viewed May 21, 2012).
=540  \\$aCurrent copyright fee: GBP29.95$c22\1$5Uk
=650  \0$aPhase diagrams$vPeriodicals.
=650  \0$aPhase rule and equilibrium$vPeriodicals.
=650  \7$aPhase diagrams.$2fast
=650  \7$aPhase rule and equilibrium.$2fast
=655  \7$aPeriodicals.$2fast
=785  00$tJournal of phase equilibria and diffusion$x1547-7037
=776  08$iPrint version:$tJournal of phase equilibria$x1054-9714
=780  14$tBulletin of alloy phase diagrams
=780  14$tJournal of alloy phase diagrams
=785  00$tJournal of phase equilibria and diffusion (Online)$x1863-7345
=856  \\$31850-9999$uhttp://www.springer.com/gb/$xBLDSS
=856  40$uhttp://link.springer.com/journal/12385
=856  40$uhttp://www.ingentaselect.com$zLink no longer valid as of May 21, 2012
=856  40$uhttp://www.sciencedirect.com/science/journal/10549714$zLink no longer valid as of May 21, 2012
=856  40$uhttp://www.springerlink.com/content/1054-9714/
=859  \\$aXLD$bejournal
=852  41$aBritish Library$bDSC$j5034.060000$3Volume 18:Issue 2(1997)-Volume 24:Issue 5(2003)***See ESTAR for full holdings.
=945  \\$aJournal of phase equilibria
=959  \\$fHeld but not currently received
=CAT  \\$a7174$b40$c20070921$lBLL01$h1219
=CAT  \\$aBLDSS-3PM$b00$c20150103$lBLL01$h1046
=CAT  \\$aBATCH-UPD$b00$c20150219$lBLL01$h1756
=CAT  \\$aIPL-CLA$c20150331$lBLL01$h1651
=CAT  \\$aBATCH-UPD$b00$c20150520$lBLL01$h1759
=CAT  \\$aIPL-CLA$c20150630$lBLL01$h1656
=CAT  \\$aBATCH-UPD$b00$c20150820$lBLL01$h1846
=CAT  \\$aIPL-CLA$c20150930$lBLL01$h1820
=CAT  \\$aBATCH-UPD$b00$c20160217$lBLL01$h1737
=CAT  \\$aIPL-CLA$c20160331$lBLL01$h1742
=CAT  \\$aBATCH-UPD$b00$c20160524$lBLL01$h2211
=CAT  \\$aBATCH-UPD$b00$c20160525$lBLL01$h0030
=CAT  \\$aBATCH-UPD$b00$c20160824$lBLL01$h1804
=CAT  \\$aIPL-CLA$c20160930$lBLL01$h1615
=CAT  \\$aBATCH-UPD$b00$c20170216$lBLL01$h1852
=CAT  \\$aIPL-CLA$c20170331$lBLL01$h1854
=CAT  \\$aBATCH-UPD$b00$c20170904$lBLL01$h1902
=CAT  \\$aIPL-CLA$c20170929$lBLL01$h1739
=CAT  \\$aBATCH-UPD$b00$c20180223$lBLL01$h1736
=CAT  \\$aIPL-CLA$c20180331$lBLL01$h1631
=CAT  \\$aBATCH-UPD$b00$c20180524$lBLL01$h1722
=CAT  \\$aIPL-CLA$c20180630$lBLL01$h1923
=CAT  \\$aW1908-0780$b00$c20200730$lBLL01$h1331
=CAT  \\$aCDS21$c20220118$lBLL01$h1105
=CAT  \\$aBATCH-UPD$b00$c20221121$lBLL01$h1402
=CAT  \\$aIPL-CLA$c20221231$lBLL01$h1448
=CFI  0\$aCurrent copyright fee: GBP29.95$c22\1$e01-jan-2023$fGBP29.95$g0$hP$5Uk
=CFI  2\$aPrevious copyright fee: GBP34.00$c22\1$e01-jul-2018$fGBP34.00$g0$hP$5Uk
=EST  \\$a1
=FFP  \\$aY$bBLDSS-3PM
=FIN  \\$aY$d20141001
=LKR  \\$aPAR$b008202148$lBLL01$r776$mJournal of phase equilibria (Online)$nJournal of phase equilibria (Print).
=MNI  \\$a1054-9714
=SID  \\$aZ39$bOCLC
=TCO  \\$aTRS$bCCC$c008
=TOC  \\$aETOC
=UNO  \\$aY
=ACF  \\$aPrevious copyright fee: GBP21.25$c22\8$e01-jan-2009$fGBP21.25$g0$hP$5Uk
=ACF  \\$aPrevious Copyright Fee: GBP16.75$c22\8$e21-sep-2007$fGBP16.75$g0$hP$5Uk
=ACF  \\$aPrevious copyright fee: GBP22.00$c22\8$e01-apr-2009$fGBP22.00$g0$hP$5Uk
=ACF  \\$aPrevious copyright fee: GBP22.00$c22\8$e12-aug-2012$fGBP22.00$g0$hP$5Uk
=ACF  \\$aPrevious copyright fee: GBP25.00$c22\8$e01-jan-2013$fGBP25.00$g0$hP$5Uk
=ACF  \\$aPrevious copyright fee: GBP25.77$c22\8$e01-jul-2013$fGBP25.77$g0$hP$5Uk
=ACF  \\$aPrevious copyright fee: GBP24.97$c22\8$e01-jan-2014$fGBP24.97$g0$hP$5Uk
=ACF  \\$aPrevious copyright fee: GBP24.21$c22\8$e01-jul-2014$fGBP24.21$g0$hP$5Uk
=ACF  \\$aPrevious copyright fee: GBP25.77$c22\8$e01-apr-2015$fGBP25.77$g0$hP$5Uk
=ACF  \\$aPrevious copyright fee: GBP26.63$c22\8$e01-jul-2015$fGBP26.63$g0$hP$5Uk
=ACF  \\$aPrevious copyright fee: GBP25.77$c22\8$e01-oct-2015$fGBP25.77$g0$hP$5Uk
=ACF  \\$aPrevious copyright fee: GBP27.55$c22\8$e01-apr-2016$fGBP27.55$g0$hP$5Uk
=ACF  \\$aPrevious copyright fee: GBP29.59$c22\8$e01-oct-2016$fGBP29.59$g0$hP$5Uk
=ACF  \\$aPrevious copyright fee: GBP31.96$c22\8$e01-apr-2017$fGBP31.96$g0$hP$5Uk
=ACF  \\$aPrevious copyright fee: GBP30.73$c22\8$e01-oct-2017$fGBP30.73$g0$hP$5Uk
=ACF  \\$aPrevious copyright fee: GBP28.54$c22\8$e01-apr-2018$fGBP28.54$g0$hP$5Uk
=LAS  \\$aIPL-CLA$b00$c20221231$lBLL01$h1448

