=LDR  05642cas a2201225 a 4500
=001  014509894
=003  Uk
=005  20230319102626.0
=006  m\\\\\o\\d\\\\\\\\
=007  cr\cnu||||||||
=008  051214c20069999mdubr\p\o\\\\\0\\\a0eng\c
=FMT  \\$a  SE
=010  \\$a2005214338
=022  0\$a1559-2731$l1559-2723$y1559-2723$21
=035  \\$a(OCoLC)62594659
=040  \\$aNSD$beng$cNSD$dNSD$dOCLCS$dNSD$dCFI$dLGG$dHNK$dOCLCQ$dEYM$dOCLCQ$dUk
=042  \\$ansdp$aukblsr
=050  04$aQH541.5.E8$bE86
=082  10$a577.51$223
=130  0\$aEstuaries and coasts (Online)
=222  \0$aEstuaries and coasts$b(Online)
=245  10$aEstuaries and coasts$h[electronic resource].
=260  \\$aPort Republic, Md. :$bEstuarine Research Federation,$cc2006-
=264  31$a[United States] :$bSpringer US
=310  \\$aBimonthly
=336  \\$atext$2rdacontent
=337  \\$acomputer$2rdamedia
=338  \\$aonline resource$2rdacarrier
=362  1\$aBegan publication with Vol. 29, no. 1 (Feb. 2006).
=538  \\$aMode of access: World Wide Web.
=580  \\$aIncludes issues of earlier title: Estuaries.
=588  \\$aDescription based on Vol. 29, no. 1 (Feb. 2006); title from PDF cover (JSTOR, viewed January 11, 2012).
=588  \\$aLatest issue consulted: Vol. 36, issue 6 (November 2013)(SpringerLink, viewed Oct. 9, 2013).
=540  \\$aCurrent copyright fee: GBP29.95$c22\1$5Uk
=650  \0$aEstuarine biology$vPeriodicals.
=650  \0$aEstuaries$vPeriodicals.
=650  \0$aCoastal biology$vPeriodicals.
=650  \0$aCoasts$vPeriodicals.
=776  08$iPrint version:$tEstuaries and coasts$x1559-2723
=780  10$tEstuaries (Online)$x1559-2758
=856  \\$31850-9999$uhttp://www.springer.com/gb/$xBLDSS
=856  4\$uhttp://estuaries.olemiss.edu/
=856  40$uhttp://link.springer.com/journal/12237
=856  40$uhttp://www.jstor.org/action/showPublication?journalCode=estuariescoasts
=856  40$uhttp://www.springerlink.com/openurl.asp?genre=journal&issn=1559-2723$zto subscribe
=859  \\$aXLD$bejournal
=852  41$aBritish Library$bDSC$j3812.593950$3Volume 29:Issue 3(2006)-Volume 41:Issue 2(2018)***See ESTAR for full holdings.
=945  \\$aEstuaries and coasts
=959  \\$fHeld but not currently received
=979  \\$aBritish Library$bDSC$j3812.593950
=CAT  \\$a7174$b40$c20080131$lBLL01$h1040
=CAT  \\$aBATCH-UPD$b00$c20150219$lBLL01$h1756
=CAT  \\$aIPL-CLA$c20150331$lBLL01$h1656
=CAT  \\$aBATCH-UPD$b00$c20150520$lBLL01$h1759
=CAT  \\$aIPL-CLA$c20150630$lBLL01$h1700
=CAT  \\$aBATCH-UPD$b00$c20150820$lBLL01$h1846
=CAT  \\$aIPL-CLA$c20150930$lBLL01$h1825
=CAT  \\$aBATCH-UPD$b00$c20160217$lBLL01$h1738
=CAT  \\$aIPL-CLA$c20160331$lBLL01$h1748
=CAT  \\$aBATCH-UPD$b00$c20160524$lBLL01$h2212
=CAT  \\$aBATCH-UPD$b00$c20160525$lBLL01$h0033
=CAT  \\$aBATCH-UPD$b00$c20160824$lBLL01$h1804
=CAT  \\$aIPL-CLA$c20160930$lBLL01$h1619
=CAT  \\$aBATCH-UPD$b00$c20170216$lBLL01$h1853
=CAT  \\$aIPL-CLA$c20170331$lBLL01$h1857
=CAT  \\$aBATCH-UPD$b00$c20170904$lBLL01$h1902
=CAT  \\$aIPL-CLA$c20170929$lBLL01$h1743
=CAT  \\$aBATCH-UPD$b00$c20180223$lBLL01$h1736
=CAT  \\$aIPL-CLA$c20180331$lBLL01$h1636
=CAT  \\$aW1805-0475$c20180520$lBLL01$h1632
=CAT  \\$aBATCH-UPD$b00$c20180524$lBLL01$h1722
=CAT  \\$aIPL-CLA$c20180630$lBLL01$h1925
=CAT  \\$aW1908-0780$b00$c20200730$lBLL01$h1331
=CAT  \\$aCDS21$c20220118$lBLL01$h1105
=CAT  \\$aBATCH-UPD$b00$c20221121$lBLL01$h1402
=CAT  \\$aIPL-CLA$c20221231$lBLL01$h1449
=CAT  \\$a5410$b40$c20230319$lBLL01$h1026
=CFI  0\$aCurrent copyright fee: GBP29.95$c22\1$e01-jan-2023$fGBP29.95$g0$hP$5Uk
=CFI  2\$aPrevious copyright fee: GBP34.00$c22\1$e01-jul-2018$fGBP34.00$g0$hP$5Uk
=EST  \\$a1
=FFP  \\$aY$bBLDSS-3PM
=FIN  \\$aY$d20131009
=LKR  \\$aPAR$b013460291$lBLL01$r776$mEstuaries and coasts (Online)$nEstuaries and coasts : journal of the Estuarine Research Federation (Print).
=MNI  \\$a1559-2723
=SID  \\$aZ39$bOCLC
=TCO  \\$aTRS$bCCC$c008
=TOC  \\$aETOC
=UNO  \\$aY
=ACF  \\$aPrevious copyright fee: GBP21.25$c22\8$e01-jan-2009$fGBP21.25$g0$hP$5Uk
=ACF  \\$aPrevious Copyright Fee: GBP16.75$c22\8$e31-jan-2008$fGBP16.75$g0$hP$5Uk
=ACF  \\$aPrevious copyright fee: GBP22.00$c22\8$e01-apr-2009$fGBP22.00$g0$hP$5Uk
=ACF  \\$aPrevious copyright fee: GBP22.00$c22\8$e12-aug-2012$fGBP22.00$g0$hP$5Uk
=ACF  \\$aPrevious copyright fee: GBP25.00$c22\8$e01-jan-2013$fGBP25.00$g0$hP$5Uk
=ACF  \\$aPrevious copyright fee: GBP25.77$c22\8$e01-jul-2013$fGBP25.77$g0$hP$5Uk
=ACF  \\$aPrevious copyright fee: GBP24.97$c22\8$e01-jan-2014$fGBP24.97$g0$hP$5Uk
=ACF  \\$aPrevious copyright fee: GBP24.21$c22\8$e01-jul-2014$fGBP24.21$g0$hP$5Uk
=ACF  \\$aPrevious copyright fee: GBP25.77$c22\8$e01-apr-2015$fGBP25.77$g0$hP$5Uk
=ACF  \\$aPrevious copyright fee: GBP26.63$c22\8$e01-jul-2015$fGBP26.63$g0$hP$5Uk
=ACF  \\$aPrevious copyright fee: GBP25.77$c22\8$e01-oct-2015$fGBP25.77$g0$hP$5Uk
=ACF  \\$aPrevious copyright fee: GBP27.55$c22\8$e01-apr-2016$fGBP27.55$g0$hP$5Uk
=ACF  \\$aPrevious copyright fee: GBP29.59$c22\8$e01-oct-2016$fGBP29.59$g0$hP$5Uk
=ACF  \\$aPrevious copyright fee: GBP31.96$c22\8$e01-apr-2017$fGBP31.96$g0$hP$5Uk
=ACF  \\$aPrevious copyright fee: GBP30.73$c22\8$e01-oct-2017$fGBP30.73$g0$hP$5Uk
=ACF  \\$aPrevious copyright fee: GBP28.54$c22\8$e01-apr-2018$fGBP28.54$g0$hP$5Uk
=LAS  \\$a5410$b40$c20230319$lBLL01$h1026

