=LDR  05403cas a2201189 a 4500
=001  014600640
=003  Uk
=005  20230320135135.0
=006  m\\\\\\\\d\\\\\\\\
=007  cr\|||||||||||
=008  130615c20089999xxuqu\p\o\\\\\0\\\a0eng\d
=FMT  \\$a  SE
=010  \\$a2007212612
=022  \\$a1937-5395$y1937-5387
=035  \\$a(OCoLC)777483406
=040  \\$aDKDLA$bdan$cDKDLA$dUk
=042  \\$aukblsr
=050  14$aRC666$b.J679
=082  04$a612.1$223
=210  0\$aJ. cardiovasc. transl. res.$b(Online).
=222  \0$aJournal of cardiovascular translational research$b(Online).
=245  00$aJournal of cardiovascular translational research$h[electronic resource].
=260  \\$aNew York, NY :$bSpringer US
=336  \\$atext$2rdacontent
=337  \\$acomputer$2rdamedia
=338  \\$aonline resource$2rdacarrier
=362  0\$aVolume 1, issue 1 (March 2008)-
=500  \\$aTitle from table of contents (SpringerLink, viewed Sept. 10, 2013).
=540  \\$aCurrent copyright fee: GBP34.95$c22\1$5Uk
=650  \0$aCardiovascular system$xDiseases$vPeriodicals.
=650  \0$aStem cells$vPeriodicals.
=650  \0$aGenomics$vPeriodicals.
=650  \7$aElectronic journals$2lcgft
=710  2\$aSpringer (Firm)
=740  0\$aJ. of Cardiovasc. Trans. Res.
=740  0\$aJCTR.
=776  08$iAlso issued in print as:$tJournal of cardiovascular translational research$x1937-5387
=856  \\$31850-9999$uhttp://www.springer.com/gb/$xBLDSS
=856  \\$uhttp://molly.ruc.dk/login?url=http://BD9JX6AS9L.search.serialssolutions.com/?V=1.0&L=BD9JX6AS9L&S=JCs&C=JOOCTR&T=marc&tab=JOURNALS$zElektronisk udgave. Adgang fra RUC's netværk
=856  40$uhttp://link.springer.com/journal/12265
=856  40$uhttp://www.springer.com/medicine/cardiology/journal/12265
=859  \\$aXLD$bejournal
=852  41$aBritish Library$bDSC$j4954.872800$3Volume 1:Issue 1(2008)-Volume 11:Issue 1(2018)***See ESTAR for full holdings.
=945  \\$aJournal of cardiovascular translational research
=959  \\$fHeld but not currently received
=979  \\$aBritish Library$bDSC$j4954.872800
=985  \\$aCONFERENCE ANALYTIC RECORDS EXIST
=CAT  \\$a7174$b40$c20080429$lBLL01$h1133
=CAT  \\$aIPL-CLA$c20150630$lBLL01$h1701
=CAT  \\$aBATCH-UPD$b00$c20150820$lBLL01$h1846
=CAT  \\$aWR15_124$c20150910$lBLL01$h1606
=CAT  \\$aIPL-CLA$c20150930$lBLL01$h1827
=CAT  \\$aBATCH-UPD$b00$c20160217$lBLL01$h1738
=CAT  \\$aIPL-CLA$c20160331$lBLL01$h1749
=CAT  \\$aBATCH-UPD$b00$c20160524$lBLL01$h2212
=CAT  \\$aBATCH-UPD$b00$c20160525$lBLL01$h0034
=CAT  \\$aBATCH-UPD$b00$c20160824$lBLL01$h1804
=CAT  \\$aIPL-CLA$c20160930$lBLL01$h1620
=CAT  \\$aBATCH-UPD$b00$c20170216$lBLL01$h1853
=CAT  \\$aIPL-CLA$c20170331$lBLL01$h1858
=CAT  \\$aBATCH-UPD$b00$c20170904$lBLL01$h1903
=CAT  \\$aIPL-CLA$c20170929$lBLL01$h1744
=CAT  \\$aBATCH-UPD$b00$c20180223$lBLL01$h1736
=CAT  \\$aIPL-CLA$c20180331$lBLL01$h1637
=CAT  \\$aW1805-0475$c20180520$lBLL01$h1632
=CAT  \\$aBATCH-UPD$b00$c20180524$lBLL01$h1722
=CAT  \\$aIPL-CLA$c20180630$lBLL01$h1926
=CAT  \\$aW1908-0780$b00$c20200730$lBLL01$h1331
=CAT  \\$a5552$b40$c20210816$lBLL01$h1344
=CAT  \\$aIPL-CLA$c20210930$lBLL01$h1528
=CAT  \\$aCDS21$c20220118$lBLL01$h1105
=CAT  \\$aBATCH-UPD$b00$c20221121$lBLL01$h1412
=CAT  \\$aIPL-CLA$c20221231$lBLL01$h1449
=CAT  \\$a5410$b40$c20230320$lBLL01$h1351
=CFI  0\$aCurrent copyright fee: GBP34.95$c22\1$e01-jan-2023$fGBP34.95$g0$hP$5Uk
=CFI  2\$aPrevious copyright fee: GBP43.00$c22\1$e01-oct-2021$fGBP43.00$g0$hP$5Uk
=EST  \\$a1
=FFP  \\$aY$bBLDSS-3PM
=FIN  \\$aY$d20130910
=MNI  \\$a1937-5387
=SID  \\$aZ39$bOCLC
=TCO  \\$aTRS$bCCC$c008
=TOC  \\$aETOC
=UNO  \\$aY
=ACF  \\$aPrevious copyright fee: GBP21.25$c22\8$e01-jan-2009$fGBP21.25$g0$hP$5Uk
=ACF  \\$aPrevious Copyright Fee: GBP16.75$c22\8$e29-apr-2008$fGBP16.75$g0$hP$5Uk
=ACF  \\$aPrevious copyright fee: GBP22.00$c22\8$e01-apr-2009$fGBP22.00$g0$hP$5Uk
=ACF  \\$aPrevious copyright fee: GBP22.00$c22\8$e12-aug-2012$fGBP22.00$g0$hP$5Uk
=ACF  \\$aPrevious copyright fee: GBP25.00$c22\8$e01-jan-2013$fGBP25.00$g0$hP$5Uk
=ACF  \\$aPrevious copyright fee: GBP25.77$c22\8$e01-jul-2013$fGBP25.77$g0$hP$5Uk
=ACF  \\$aPrevious copyright fee: GBP24.97$c22\8$e01-jan-2014$fGBP24.97$g0$hP$5Uk
=ACF  \\$aPrevious copyright fee: GBP24.21$c22\8$e01-jul-2014$fGBP24.21$g0$hP$5Uk
=ACF  \\$aPrevious copyright fee: GBP25.77$c22\8$e01-apr-2015$fGBP25.77$g0$hP$5Uk
=ACF  \\$aPrevious copyright fee: GBP26.63$c22\8$e01-jul-2015$fGBP26.63$g0$hP$5Uk
=ACF  \\$aPrevious copyright fee: GBP25.77$c22\8$e01-oct-2015$fGBP25.77$g0$hP$5Uk
=ACF  \\$aPrevious copyright fee: GBP27.55$c22\8$e01-apr-2016$fGBP27.55$g0$hP$5Uk
=ACF  \\$aPrevious copyright fee: GBP29.59$c22\8$e01-oct-2016$fGBP29.59$g0$hP$5Uk
=ACF  \\$aPrevious copyright fee: GBP31.96$c22\8$e01-apr-2017$fGBP31.96$g0$hP$5Uk
=ACF  \\$aPrevious copyright fee: GBP30.73$c22\8$e01-oct-2017$fGBP30.73$g0$hP$5Uk
=ACF  \\$aPrevious copyright fee: GBP28.54$c22\8$e01-apr-2018$fGBP28.54$g0$hP$5Uk
=ACF  \\$aPrevious copyright fee: GBP34.00$c22\1$e01-jul-2018$fGBP34.00$g0$hP$5Uk
=LAS  \\$a5410$b40$c20230320$lBLL01$h1351

