=LDR  05610cas a2201273 a 4500
=001  014758690
=003  Uk
=005  20230310193851.0
=006  m\\\\\\\\d\\\\\\\\
=007  cr\un|||||||||
=008  050614c19989999xr\qr\pss\o\\\0\\\\0eng\d
=FMT  \\$a  SE
=010  \\$a2008235305
=022  0\$a1874-9348
=035  \\$a(OCoLC)60630131
=040  \\$aOCLCS$cOCLCS$dEYM$dHUL$dUk
=041  0\$aeng$afre$ager
=042  \\$aukblsr
=043  \\$ae-xr---
=050  \4$aQK1$b.F667
=050  \4$aQK900.F65
=082  04$a581.705$222
=130  0\$aFolia geobotanica (Online)
=222  \0$aFolia geobotanica (Online)
=245  10$aFolia geobotanica$h[electronic resource].
=260  \\$aPrůhonice :$bInstitute of Botany, Academy of Sciences of the Czech Republic,$c1998-
=260  3\$a[Amsterdam] :$bSpringer Netherlands
=310  \\$aQuarterly
=336  \\$atext$2rdacontent
=337  \\$acomputer$2rdamedia
=338  \\$aonline resource$2rdacarrier
=362  0\$aVol. 33, no. 1 (1998)-
=500  \\$aTitle from cover (JSTOR, viewed Sept. 12, 2008).
=500  \\$aLatest issue consulted: Vol. 43, no. 2 (June 2008) (SpringerLink, viewed Nov. 7, 2008).
=538  \\$aMode of access: World Wide Web.
=546  \\$aText in English, German, or French.
=580  \\$aSome providers also include earlier title: Folia geobotanica & phytotaxonomica (Online).
=540  \\$aCurrent copyright fee: GBP29.95$c22\1$5Uk
=650  \0$aPlant ecology$vPeriodicals.
=650  \0$aPlants$vClassification$vPeriodicals.
=650  \0$aBotany$zCzech Republic$vPeriodicals.
=650  \0$aBotany$vPeriodicals.
=710  2\$aBotanický ústav AV ČR.
=776  08$iAlso issued in print:$tFolia geobotanica$x1211-9520
=780  10$tFolia geobotanica & phytotaxonomica (Online)
=856  \\$31850-9999$uhttp://www.springer.com/gb/$xBLDSS
=856  4\$uhttp://www.opuluspress.se/journals%5Fabout.asp?id=9$zLink no longer valid
=856  40$uhttp://www.jstor.org/journals/12119520.html
=856  40$uhttp://www.springerlink.com/content/120919/
=859  \\$aXLD$bejournal
=852  41$aBritish Library$bDSC$j3969.970000$3Volume 32:Issue 1(1997)-Volume 52:Issue 3/4(2017)***See ESTAR for full holdings.
=945  \\$aFolia geobotanica
=959  \\$fHeld but not currently received
=979  \\$aBritish Library$bDSC$j3969.970000
=CAT  \\$a8464$b40$c20080922$lBLL01$h1451
=CAT  \\$aIPL-CLA$c20150331$lBLL01$h1659
=CAT  \\$aBATCH-UPD$b00$c20150520$lBLL01$h1744
=CAT  \\$aIPL-CLA$c20150630$lBLL01$h1703
=CAT  \\$aBATCH-UPD$b00$c20150820$lBLL01$h1831
=CAT  \\$aIPL-CLA$c20150930$lBLL01$h1829
=CAT  \\$aBATCH-UPD$b00$c20160217$lBLL01$h1720
=CAT  \\$aIPL-CLA$c20160331$lBLL01$h1751
=CAT  \\$aBATCH-UPD$b00$c20160522$lBLL01$h2350
=CAT  \\$aBATCH-UPD$b00$c20160524$lBLL01$h2212
=CAT  \\$aBATCH-UPD$b00$c20160824$lBLL01$h1749
=CAT  \\$aIPL-CLA$c20160930$lBLL01$h1622
=CAT  \\$a5410$b40$c20170210$lBLL01$h1038
=CAT  \\$aBATCH-UPD$b40$c20170216$lBLL01$h1836
=CAT  \\$aIPL-CLA$c20170331$lBLL01$h1900
=CAT  \\$aBATCH-UPD$b00$c20170904$lBLL01$h1844
=CAT  \\$aIPL-CLA$c20170929$lBLL01$h1746
=CAT  \\$aBATCH-UPD$b00$c20180223$lBLL01$h1704
=CAT  \\$aIPL-CLA$c20180331$lBLL01$h1640
=CAT  \\$aW1805-0475$c20180520$lBLL01$h1632
=CAT  \\$aBATCH-UPD$b00$c20180524$lBLL01$h1708
=CAT  \\$aIPL-CLA$c20180630$lBLL01$h1927
=CAT  \\$aW1908-0780$b00$c20200730$lBLL01$h1331
=CAT  \\$aCDS21$c20220118$lBLL01$h1105
=CAT  \\$aBATCH-UPD$b00$c20221121$lBLL01$h1403
=CAT  \\$aIPL-CLA$c20221231$lBLL01$h1449
=CAT  \\$a5410$b40$c20230310$lBLL01$h1938
=CFI  0\$aCurrent copyright fee: GBP29.95$c22\1$e01-jan-2023$fGBP29.95$g0$hP$5Uk
=CFI  2\$aPrevious copyright fee: GBP34.00$c22\1$e01-jul-2018$fGBP34.00$g0$hP$5Uk
=EST  \\$a1
=FFP  \\$aY$bBLDSS-3PM
=FIN  \\$aY$d20081107
=LKR  \\$aPAR$b008532580$lBLL01$r776$mFolia geobotanica (Online)$nFolia geobotanica (Print)
=MNI  \\$a1211-9520
=SID  \\$aZ39$bOCLC
=TCO  \\$aXXX$c008
=TOC  \\$aETOC
=UNO  \\$aY
=ACF  \\$aPrevious copyright fee: GBP21.25$c22\1$e01-jan-2009$fGBP21.25$g0$hP$5Uk
=ACF  \\$aPrevious copyright fee: GBP16.75$c22\1$e22-sep-2008$fGBP16.75$g0$hP$5Uk
=ACF  \\$aPrevious copyright fee: GBP22.00$c22\1$e01-apr-2009$fGBP22.00$g0$hP$5Uk
=ACF  \\$aPrevious copyright fee: GBP22.00$c22\1$e12-aug-2012$fGBP22.00$g0$hP$5Uk
=ACF  \\$aPrevious copyright fee: GBP25.00$c22\1$e01-jan-2013$fGBP25.00$g0$hP$5Uk
=ACF  \\$aPrevious copyright fee: GBP25.77$c22\1$e01-jul-2013$fGBP25.77$g0$hP$5Uk
=ACF  \\$aPrevious copyright fee: GBP24.97$c22\1$e01-jan-2014$fGBP24.97$g0$hP$5Uk
=ACF  \\$aPrevious copyright fee: GBP24.21$c22\1$e01-jul-2014$fGBP24.21$g0$hP$5Uk
=ACF  \\$aPrevious copyright fee: GBP25.77$c22\1$e01-apr-2015$fGBP25.77$g0$hP$5Uk
=ACF  \\$aPrevious copyright fee: GBP26.63$c22\1$e01-jul-2015$fGBP26.63$g0$hP$5Uk
=ACF  \\$aPrevious copyright fee: GBP25.77$c22\1$e01-oct-2015$fGBP25.77$g0$hP$5Uk
=ACF  \\$aPrevious copyright fee: GBP27.55$c22\1$e01-apr-2016$fGBP27.55$g0$hP$5Uk
=ACF  \\$aPrevious copyright fee: GBP29.59$c22\1$e01-oct-2016$fGBP29.59$g0$hP$5Uk
=ACF  \\$aPrevious copyright fee: GBP31.96$c22\1$e01-apr-2017$fGBP31.96$g0$hP$5Uk
=ACF  \\$aPrevious copyright fee: GBP30.73$c22\1$e01-oct-2017$fGBP30.73$g0$hP$5Uk
=ACF  \\$aPrevious copyright fee: GBP28.54$c22\1$e01-apr-2018$fGBP28.54$g0$hP$5Uk
=LAS  \\$a5410$b40$c20230310$lBLL01$h1938

