=LDR  05293cas a2201189 a 4500
=001  014684904
=003  Uk
=005  20230330141754.0
=006  m\\\\\\\\d\\\\\\\\
=007  cr\mn|||||||||
=008  060516c19uu9999xx\qr\\\s\\\\\0\\\a0eng\d
=FMT  \\$a  SE
=022  \\$a1867-7185
=035  \\$a(OCoLC)68866866
=040  \\$aHUA$cHUA$dMUQ$dUk
=042  \\$aukblsr
=082  04$a620.18$222
=130  0\$aRare metals (Online)
=222  \0$aRare metals$b(1989. Internet)
=245  10$aRare metals$h[electronic resource].
=260  \\$aBeijing :$b[The Nonferrous Metals Society of China]
=260  2\$32006-$a[Amsterdam] :$bElsevier
=260  3\$32009-$a[S.l.] :$bSpringer
=310  \\$aQuarterly
=336  \\$atext$2rdacontent
=337  \\$acomputer$2rdamedia
=338  \\$aonline resource$2rdacarrier
=500  \\$aDescription based on: Vol. 13, no. 1 (Jan. 1994); title from journal information screen (China Journal Net, viewed May 10, 2006).
=530  \\$aAlso issued in print.
=538  \\$aMode of access: World Wide Web.
=550  \\$aSponsored by: Zhongguo you se jin shu xue hui.
=500  \\$aLatest issue consulted: Vol. 29, no. 6 (Dec. 2010) (SpringerLink, viewed Nov. 23, 2010).
=540  \\$aCurrent copyright fee: GBP29.95$c22\1$5Uk
=650  \0$aNonferrous metals$vPeriodicals.
=650  \6$aMétaux non ferreux$vPériodiques.
=710  2\$aZhongguo you se jin shu xue hui.
=710  2\$aZhongguo Jinshu Xeuhui.
=773  0\$tZhongguo qikan wang
=776  1\$tRare metals$x1001-0521
=856  \\$31850-9999$uhttp://www.springer.com/gb/$xBLDSS
=856  40$uhttp://eproxy.lib.hku.hk/login?url=http://cjn.lib.hku.hk$x70$zClick to start searching via China Journal Net
=856  40$uhttp://www.sciencedirect.com/science/journal/10010521
=856  40$uhttp://www.springerlink.com/content/1001-0521/
=859  \\$aXLD$bejournal
=852  41$aBritish Library$bDSC$j7291.829850$3Volume 25:Issue 1(2006)-Volume 37:Issue 3(2018)***See ESTAR for full holdings.
=945  \\$aRare metals -Beijing- English edition
=959  \\$fHeld but not currently received
=979  \\$aBritish Library$bDSC$j7291.829850
=CAT  \\$a8180$b40$c20080805$lBLL01$h1329
=CAT  \\$aIPL-CLA$c20150331$lBLL01$h1658
=CAT  \\$aBATCH-UPD$b00$c20150520$lBLL01$h1744
=CAT  \\$aIPL-CLA$c20150630$lBLL01$h1702
=CAT  \\$aBATCH-UPD$b00$c20150820$lBLL01$h1831
=CAT  \\$aIPL-CLA$c20150930$lBLL01$h1828
=CAT  \\$aBATCH-UPD$b00$c20160217$lBLL01$h1720
=CAT  \\$aIPL-CLA$c20160331$lBLL01$h1751
=CAT  \\$aBATCH-UPD$b00$c20160520$lBLL01$h0916
=CAT  \\$aBATCH-UPD$b00$c20160524$lBLL01$h2212
=CAT  \\$aBATCH-UPD$b00$c20160824$lBLL01$h1749
=CAT  \\$aIPL-CLA$c20160930$lBLL01$h1621
=CAT  \\$aBATCH-UPD$b00$c20170216$lBLL01$h1836
=CAT  \\$aIPL-CLA$c20170331$lBLL01$h1859
=CAT  \\$aBATCH-UPD$b00$c20170904$lBLL01$h1844
=CAT  \\$aIPL-CLA$c20170929$lBLL01$h1745
=CAT  \\$aBATCH-UPD$b00$c20180223$lBLL01$h1704
=CAT  \\$aIPL-CLA$c20180331$lBLL01$h1639
=CAT  \\$aW1805-0475$c20180520$lBLL01$h1632
=CAT  \\$aBATCH-UPD$b00$c20180524$lBLL01$h1708
=CAT  \\$aIPL-CLA$c20180630$lBLL01$h1926
=CAT  \\$aW1908-0780$b00$c20200730$lBLL01$h1331
=CAT  \\$aCDS21$c20220118$lBLL01$h1105
=CAT  \\$aBATCH-UPD$b00$c20221121$lBLL01$h1403
=CAT  \\$aIPL-CLA$c20221231$lBLL01$h1449
=CAT  \\$a5410$b40$c20230330$lBLL01$h1417
=CFI  0\$aCurrent copyright fee: GBP29.95$c22\1$e01-jan-2023$fGBP29.95$g0$hP$5Uk
=CFI  2\$aPrevious copyright fee: GBP34.00$c22\1$e01-jul-2018$fGBP34.00$g0$hP$5Uk
=EST  \\$a1
=FFP  \\$aY$bBLDSS-3PM
=FIN  \\$aY$d20080811
=MNI  \\$a1001-0521
=SID  \\$aZ39$bOCLC
=TCO  \\$aXXX$c008
=TCO  \\$aZZZ$c008
=TOC  \\$aETOC
=UNO  \\$aY
=ACF  \\$aCurrent copyright fee: GBP20.00$c5\5$e01-jan-2009$fGBP20.00$g0$hP$5Uk
=ACF  \\$aPrevious copyright fee: GBP19.00$c5\5$e05-aug-2008$fGBP19.00$g0$hP$5Uk
=ACF  \\$aPrevious copyright fee: GBP22.00$c22\1$e16-sep-2010$fGBP22.00$g0$hP$5Uk
=ACF  \\$aPrevious copyright fee: GBP22.00$c22\1$e12-aug-2012$fGBP22.00$g0$hP$5Uk
=ACF  \\$aPrevious copyright fee: GBP25.00$c22\1$e01-jan-2013$fGBP25.00$g0$hP$5Uk
=ACF  \\$aPrevious copyright fee: GBP25.77$c22\1$e01-jul-2013$fGBP25.77$g0$hP$5Uk
=ACF  \\$aPrevious copyright fee: GBP24.97$c22\1$e01-jan-2014$fGBP24.97$g0$hP$5Uk
=ACF  \\$aPrevious copyright fee: GBP24.21$c22\1$e01-jul-2014$fGBP24.21$g0$hP$5Uk
=ACF  \\$aPrevious copyright fee: GBP25.77$c22\1$e01-apr-2015$fGBP25.77$g0$hP$5Uk
=ACF  \\$aPrevious copyright fee: GBP26.63$c22\1$e01-jul-2015$fGBP26.63$g0$hP$5Uk
=ACF  \\$aPrevious copyright fee: GBP25.77$c22\1$e01-oct-2015$fGBP25.77$g0$hP$5Uk
=ACF  \\$aPrevious copyright fee: GBP27.55$c22\1$e01-apr-2016$fGBP27.55$g0$hP$5Uk
=ACF  \\$aPrevious copyright fee: GBP29.59$c22\1$e01-oct-2016$fGBP29.59$g0$hP$5Uk
=ACF  \\$aPrevious copyright fee: GBP31.96$c22\1$e01-apr-2017$fGBP31.96$g0$hP$5Uk
=ACF  \\$aPrevious copyright fee: GBP30.73$c22\1$e01-oct-2017$fGBP30.73$g0$hP$5Uk
=ACF  \\$aPrevious copyright fee: GBP28.54$c22\1$e01-apr-2018$fGBP28.54$g0$hP$5Uk
=LAS  \\$a5410$b40$c20230330$lBLL01$h1417

