=LDR  06986cas a2201441 i 4500
=001  012431789
=003  Uk
=005  20221231144421.0
=006  m\\\\\\\\d\\\\\\\\
=007  cr\|||||||||||
=008  040410c19569999vb\mx\p\o\\\\\0\\\a0eng\\
=FMT  \\$a  SE
=019  c\$a102010887
=022  \\$a1608-3040$202
=040  \\$aUk$beng$cUk$dUk$erda
=041  1\$aeng$hrus
=042  \\$aukblsr$aissnuk
=082  04$a572.05$223
=130  0\$aBiokhimii︠a︡ (Moscow, Russia).$lEnglish.
=210  0\$aBiochemistry$b(Mosc., Online)
=222  \0$aBiochemistry$b(Moscow. Online)
=245  10$aBiochemistry.
=246  1\$iMinor title change:$aBiochemistry (Moscow)$fvol. 58, no. 1 (Jan. 1993)-
=260  \\$aNew York :$bConsultants Bureau,$c1956-
=264  21$31996-$aMoscow :$bMaik Nauka/Interperiodica Pub.
=264  21$aMoscow :$bPleiades Publishing
=264  31$a[Tortola, British Virgin Islands] :$bPleiades Publishing
=264  32$aWien :$bSpringer
=310  \\$a13 issues yearly (monthly with two issues in December),$b2007-
=321  \\$aMonthly,$b-2006
=321  \\$aBimonthly
=336  \\$atext$2rdacontent
=337  \\$acomputer$2rdamedia
=338  \\$aonline resource$2rdacarrier
=362  1\$aPrint began in 1956.
=580  \\$aFrom 1956-, translation of Biokhimiya, from <2015- >, Russian and English editions are issued simultaneously.
=588  \\$aDescription based on print version record.
=588  \\$aLatest issue consulted: volume 87, issue 10 (October 2022) (SpringerLink, viewed November 1, 2022).
=540  \\$aCurrent copyright fee: GBP29.95$c22\1$5Uk
=650  \0$aBiochemistry$vPeriodicals.
=710  2\$aConsultants Bureau.
=765  1\$tBiokhimii︠a︡ (Moscow, Russia)$gtom 21-$x0320-9725
=770  0\$tBiochemistry (Moscow). Supplement. Series A, Membrane and cell biology$x1990-7494
=770  0\$tBiochemistry (Moscow). Supplement. Series B, Biomedical chemistry$x1990-7516
=776  08$iAlso issued in print as:$tBiokhimii︠a︡ (Moscow, Russia). English$x0006-2979
=856  40$uhttps://www.springer.com/journal/10541
=856  4\$uhttp://www.maik.ru/cgi-bin/journal.pl?name=biochmsc&page=main
=856  \\$31850-9999$uhttp://www.springer.com/gb/$xBLDSS
=859  \\$aXLD$bejournal
=852  41$aBritish Library$bDSC$j0406.000000$3Volume 65:Issue 12(2000)-Volume 83:Issue 3(2018)***See ESTAR for full holdings.
=945  \\$aBiochemistry c/c of Biokhimiia
=959  \\$fHeld but not currently received
=979  \\$aBritish Library$bDSC$j0406.000000
=985  \\$aCorrected by BSS-generated file for WR# 08/157
=985  \\$aISSN responsibility transferred from ISSN Russia (01/11/22)
=A02  \\$a102010887
=CAT  \\$aCONV$b00$c20040425$lBLL90$h0712
=CAT  \\$a11316$b40$c20151026$lBLL01$h1243
=CAT  \\$a11316$b40$c20151026$lBLL01$h1418
=CAT  \\$a11316$b40$c20151026$lBLL01$h1421
=CAT  \\$aBATCH-UPD$b40$c20160217$lBLL01$h1856
=CAT  \\$aIPL-CLA$c20160331$lBLL01$h1721
=CAT  \\$aBATCH-UPD$b00$c20160518$lBLL01$h1230
=CAT  \\$aBATCH-UPD$b00$c20160524$lBLL01$h2155
=CAT  \\$aBATCH-UPD$b00$c20160824$lBLL01$h1914
=CAT  \\$aIPL-CLA$c20160930$lBLL01$h1558
=CAT  \\$aBATCH-UPD$b00$c20170216$lBLL01$h1959
=CAT  \\$aIPL-CLA$c20170331$lBLL01$h1840
=CAT  \\$aBATCH-UPD$b00$c20170904$lBLL01$h2030
=CAT  \\$aIPL-CLA$c20170929$lBLL01$h1724
=CAT  \\$aBATCH-UPD$b00$c20180223$lBLL01$h1929
=CAT  \\$aIPL-CLA$c20180331$lBLL01$h1615
=CAT  \\$aW1805-0475$c20180520$lBLL01$h1631
=CAT  \\$aBATCH-UPD$b00$c20180524$lBLL01$h1809
=CAT  \\$aIPL-CLA$c20180630$lBLL01$h1914
=CAT  \\$aW1908-0780$b00$c20200730$lBLL01$h1322
=CAT  \\$aCDS21$c20220118$lBLL01$h1104
=CAT  \\$a10806$b40$c20221101$lBLL01$h1530
=CAT  \\$a10806$b40$c20221101$lBLL01$h1535
=CAT  \\$aBATCH-UPD$b40$c20221121$lBLL01$h1359
=CAT  \\$a5410$b40$c20221230$lBLL01$h1858
=CAT  \\$aIPL-CLA$c20221231$lBLL01$h1444
=CFI  0\$aCurrent copyright fee: GBP29.95$c22\1$e01-jan-2023$fGBP29.95$g0$hP$5Uk
=CFI  2\$aPrevious copyright fee: GBP34.00$c22\1$e01-jul-2018$fGBP34.00$g0$hP$5Uk
=EST  \\$a1
=FFP  \\$aY$bBLDSS-3PM
=FIN  \\$aY
=LEO  \\$aMP10.0000629059
=LET  \0$aBiochemistry (Moscow) (Online)
=LKR  \\$aPAR$b009180662$lBLL01$nBiochemistry (Print)$mBiochemistry (Online)$r776
=LKR  \\$aPAR$b013705596$lBLL01$nBiochemistry (Moscow). Supplement. Series A, Membrane and cell biology$mBiochemistry (Online)$r776
=LKR  \\$aPAR$b013713113$lBLL01$nBiochemistry (Moscow). Supplement. Series B, Biomedical chemistry$mBiochemistry (Online)$r776
=MNI  \\$a0006-2979
=SRC  \\$aDSS01$bbibmp10.200404.2.aa
=TCO  \\$aNLD$bSTICHTING REPRORECHT$c008
=TCO  \\$aTRS$bCCC$c008
=TOC  \\$aETOC
=UNO  \\$aY
=ACF  \\$aPrevious copyright fee: GBP21.25$c4\3$e01-jan-2009$fGBP21.25$g0$hP$5Uk
=ACF  \\$aPrevious copyright fee: GBP16.75$c4\3$e01-jan-2007$fGBP16.75$g0$hP$5Uk
=ACF  \\$aPrevious copyright fee: GBP16.22$c4\3$e01-oct-2006$fGBP16.22$g0$hP$5Uk
=ACF  \\$aPrevious copyright fee: GBP17.14$c4\3$e01-apr-2006$fGBP17.14$g0$hP$5Uk
=ACF  \\$aPrevious copyright fee: GBP16.67$c4\3$e01-jan-2006$fGBP16.67$g0$hP$5Uk
=ACF  \\$aPrevious copyright fee: GBP16.22$c4\3$e01-apr-2005$fGBP16.22$g0$hP$5Uk
=ACF  \\$aPrevious copyright fee: GBP16.67$c4\3$e01-jan-2005$fGBP16.67$g0$hP$5Uk
=ACF  \\$aPrevious copyright fee: GBP13.51$c4\3$e01-apr-2004$fGBP13.51$g0$hP$5Uk
=ACF  \\$aCurrent copyright fee: GBP14.71$c4\3$e01-jan-2004$fGBP14.71$g0$hP$5Uk
=ACF  \\$aCurrent copyright fee: GBP15.63$c4\3$e01-jan-2003$fGBP15.63$g0$hP$5Uk
=ACF  \\$aPrevious copyright fee: GBP22.00$c4\3$e01-apr-2009$fGBP22.00$g0$hP$5Uk
=ACF  \\$aPrevious copyright fee: GBP22.00$c4\3$e12-aug-2012$fGBP22.00$g0$hP$5Uk
=ACF  \\$aPrevious copyright fee: GBP25.00$c4\3$e01-jan-2013$fGBP25.00$g0$hP$5Uk
=ACF  \\$aPrevious copyright fee: GBP25.77$c4\3$e01-jul-2013$fGBP25.77$g0$hP$5Uk
=ACF  \\$aPrevious copyright fee: GBP24.97$c4\3$e01-jan-2014$fGBP24.97$g0$hP$5Uk
=ACF  \\$aPrevious copyright fee: GBP24.21$c4\3$e01-jul-2014$fGBP24.21$g0$hP$5Uk
=ACF  \\$aPrevious copyright fee: GBP25.77$c4\3$e01-apr-2015$fGBP25.77$g0$hP$5Uk
=ACF  \\$aPrevious copyright fee: GBP26.63$c4\3$e01-jul-2015$fGBP26.63$g0$hP$5Uk
=ACF  \\$aPrevious copyright fee: GBP25.77$c4\3$e01-oct-2015$fGBP25.77$g0$hP$5Uk
=ACF  \\$aPrevious copyright fee: GBP27.55$c4\3$e01-apr-2016$fGBP27.55$g0$hP$5Uk
=ACF  \\$aPrevious copyright fee: GBP29.59$c4\3$e01-oct-2016$fGBP29.59$g0$hP$5Uk
=ACF  \\$aPrevious copyright fee: GBP31.96$c4\3$e01-apr-2017$fGBP31.96$g0$hP$5Uk
=ACF  \\$aPrevious copyright fee: GBP30.73$c4\3$e01-oct-2017$fGBP30.73$g0$hP$5Uk
=ACF  \\$aPrevious copyright fee: GBP28.54$c4\3$e01-apr-2018$fGBP28.54$g0$hP$5Uk
=LAS  \\$aIPL-CLA$b00$c20221231$lBLL01$h1444

