=LDR  05808cas a2201297 a 4500
=001  012433605
=003  Uk
=005  20230114151439.0
=006  m\\\\\\\\d\\\\\\\\
=007  cr\mnu||||||||
=008  980528c19909999nyumr\pss\\\\\0\\\a0eng\d
=FMT  \\$a  SE
=010  \\$a  2003233320
=019  c\$a102407023
=022  0\$a1879-1123$y1044-0305
=035  \\$a(OCoLC)39191155
=040  \\$aOH1$cOH1$dOCoLC$dGU$dOCoLC$dU9S$dGU$dUk
=042  \\$aukblsr
=050  14$aQD96.M3
=082  04$a543.6505$222
=130  0\$aJournal of the American Society for Mass Spectrometry (Online)
=210  1\$aJ. Am. Soc. Mass Spectrom.$b(Online)
=222  \0$aJournal of the American Society for Mass Spectrometry$b(Online)
=245  10$aJournal of the American Society for Mass Spectrometry$h[electronic resource].
=246  1\$iAlso known as:$aJASMS
=260  \\$a[Santa Fe, N.M.] :$bAmerican Society for Mass Spectrometry
=260  2\$a[New York] :$bElsevier
=260  3\$32011-$a[New York] :$bSpringer
=310  \\$aMonthly,$b1993-
=321  \\$aEight issues a year,$b1992
=321  \\$aBimonthly,$b1990-1991
=336  \\$atext$2rdacontent
=337  \\$acomputer$2rdamedia
=338  \\$aonline resource$2rdacarrier
=362  1\$aBegan with v. 1, issue 1 (Jan./Feb. 1990).
=500  \\$aDescription based on: Vol. 6, issue 1 (Jan. 1995); title from contents screen (ScienceDirect, viewed Nov. 7, 2003).
=525  \\$aSupplements accompany some issues.
=530  \\$aAlso issued in print.
=538  \\$aMode of access: World Wide Web.
=540  \\$aCurrent copyright fee: GBP29.95$c22\1$5Uk
=650  \0$aMass spectrometry$vPeriodicals.
=710  2\$aAmerican Society for Mass Spectrometry.
=776  1\$tJournal of the American Society for Mass Spectrometry$x1044-0305
=856  \\$31850-9999$uhttp://www.springer.com/gb/$xBLDSS
=856  40$uhttp://www.sciencedirect.com/science/journal/10440305
=859  \\$aXLD$bejournal
=852  41$aBritish Library$bDSC$j4692.920000$3Volume 3:Issue 6(1992)-Volume 29:Issue 3(2018)***See ESTAR for full holdings.
=945  \\$aJournal- American Society for Mass Spectrometry
=959  \\$fHeld but not currently received
=979  \\$aBritish Library$bDSC$j4692.920000
=985  \\$aCONFERENCE ANALYTIC RECORDS EXIST
=A02  \\$a102407023
=CAT  \\$aCONV$b00$c20040425$lBLL90$h0713
=CAT  \\$aBATCH-UPD$b00$c20150219$lBLL01$h1734
=CAT  \\$aIPL-CLA$c20150331$lBLL01$h1634
=CAT  \\$aBATCH-UPD$b00$c20150520$lBLL01$h1743
=CAT  \\$aIPL-CLA$c20150630$lBLL01$h1643
=CAT  \\$aBATCH-UPD$b00$c20150820$lBLL01$h1830
=CAT  \\$aIPL-CLA$c20150930$lBLL01$h1800
=CAT  \\$aBATCH-UPD$b00$c20160217$lBLL01$h1719
=CAT  \\$aIPL-CLA$c20160331$lBLL01$h1721
=CAT  \\$aBATCH-UPD$b00$c20160519$lBLL01$h1025
=CAT  \\$aBATCH-UPD$b00$c20160524$lBLL01$h2209
=CAT  \\$aBATCH-UPD$b00$c20160824$lBLL01$h1748
=CAT  \\$aIPL-CLA$c20160930$lBLL01$h1559
=CAT  \\$aBATCH-UPD$b00$c20170216$lBLL01$h1835
=CAT  \\$aIPL-CLA$c20170331$lBLL01$h1841
=CAT  \\$aBATCH-UPD$b00$c20170904$lBLL01$h1844
=CAT  \\$aIPL-CLA$c20170929$lBLL01$h1725
=CAT  \\$aBATCH-UPD$b00$c20180223$lBLL01$h1703
=CAT  \\$aIPL-CLA$c20180331$lBLL01$h1615
=CAT  \\$aW1805-0475$c20180520$lBLL01$h1631
=CAT  \\$aBATCH-UPD$b00$c20180524$lBLL01$h1708
=CAT  \\$aIPL-CLA$c20180630$lBLL01$h1914
=CAT  \\$aW1908-0780$b00$c20200730$lBLL01$h1324
=CAT  \\$a11033$b40$c20200803$lBLL01$h1224
=CAT  \\$aBATCH-UPD$b40$c20221121$lBLL01$h1359
=CAT  \\$aIPL-CLA$c20221231$lBLL01$h1444
=CAT  \\$a5410$b40$c20230114$lBLL01$h1514
=CFI  0\$aCurrent copyright fee: GBP29.95$c22\1$e01-jan-2023$fGBP29.95$g0$hP$5Uk
=CFI  2\$aPrevious copyright fee: GBP34.00$c22\1$e01-jul-2018$fGBP34.00$g0$hP$5Uk
=EST  \\$a1
=FFP  \\$aY$bBLDSS-3PM
=FIN  \\$aY
=LEO  \\$aMP10.0000630875
=MNI  \\$a1044-0305
=SRC  \\$aDSS01$bbibmp10.200404.2.aa
=SRC  \\$aBLL02
=TCO  \\$aTRS$bCCC$c008
=TOC  \\$aETOC
=UNO  \\$aY
=ACF  \\$aCurrent copyright fee: GBP20.00$c5\4$e01-jan-2009$fGBP20.00$g0$hP$5Uk
=ACF  \\$aPrevious copyright fee: GBP19.00$c5\4$e01-jan-2008$fGBP19.00$g0$hP$5Uk
=ACF  \\$aPrevious Copyright Fee: GBP18.00$c5\4$e01-apr-2004$fGBP18.00$g0$hP$5Uk
=ACF  \\$aCurrent copyright fee: GBP20.00$c5\4$e01-jan-2003$fGBP20.00$g0$hP$5Uk
=ACF  \\$aCurrent copyright fee: GBP15.00$c5\4$e01-jul-2002$fGBP15.00$g0$hP$5Uk
=ACF  \\$aPrevious copyright fee: GBP22.00$c22\1$e04-nov-2010$fGBP22.00$g0$hP$5Uk
=ACF  \\$aPrevious copyright fee: GBP22.00$c22\1$e12-aug-2012$fGBP22.00$g0$hP$5Uk
=ACF  \\$aPrevious copyright fee: GBP25.00$c22\1$e01-jan-2013$fGBP25.00$g0$hP$5Uk
=ACF  \\$aPrevious copyright fee: GBP25.77$c22\1$e01-jul-2013$fGBP25.77$g0$hP$5Uk
=ACF  \\$aPrevious copyright fee: GBP24.97$c22\1$e01-jan-2014$fGBP24.97$g0$hP$5Uk
=ACF  \\$aPrevious copyright fee: GBP24.21$c22\1$e01-jul-2014$fGBP24.21$g0$hP$5Uk
=ACF  \\$aPrevious copyright fee: GBP25.77$c22\1$e01-apr-2015$fGBP25.77$g0$hP$5Uk
=ACF  \\$aPrevious copyright fee: GBP26.63$c22\1$e01-jul-2015$fGBP26.63$g0$hP$5Uk
=ACF  \\$aPrevious copyright fee: GBP25.77$c22\1$e01-oct-2015$fGBP25.77$g0$hP$5Uk
=ACF  \\$aPrevious copyright fee: GBP27.55$c22\1$e01-apr-2016$fGBP27.55$g0$hP$5Uk
=ACF  \\$aPrevious copyright fee: GBP29.59$c22\1$e01-oct-2016$fGBP29.59$g0$hP$5Uk
=ACF  \\$aPrevious copyright fee: GBP31.96$c22\1$e01-apr-2017$fGBP31.96$g0$hP$5Uk
=ACF  \\$aPrevious copyright fee: GBP30.73$c22\1$e01-oct-2017$fGBP30.73$g0$hP$5Uk
=ACF  \\$aPrevious copyright fee: GBP28.54$c22\1$e01-apr-2018$fGBP28.54$g0$hP$5Uk
=LAS  \\$a5410$b40$c20230114$lBLL01$h1514

