=LDR  03802cas a22009017a 4500
=001  012911838
=003  Uk
=005  20221231144526.0
=006  m\\\\\\\\d\|\\\\\\
=007  cr||||||||||||
=008  040507c20049999sz\qr\p\s\\\\\0\\\a0mul\\
=FMT  \\$a  SE
=022  0\$a1742-6316
=040  \\$aUk$beng$cUk
=041  0\$aeng$afre$ager
=222  \0$aHistory and philosophy of the life sciences$b(Online)
=245  00$aHistory and philosophy of the life sciences.
=260  \\$a[Abingdon] :$bTaylor & Francis
=264  31$a[Cham, Switzerland] :$bSpringer
=310  \\$aQuarterly
=336  \\$atext$2rdacontent
=337  \\$acomputer$2rdamedia
=338  \\$aonline resource$2rdacarrier
=540  \\$aCurrent copyright fee: GBP29.95$c22\1$5Uk
=776  0\$tHistory and philosophy of the life sciences.$x0391-9714
=856  \\$31850-9999$uhttp://link.springer.com$xBLDSS
=856  40$uhttp://www.springer.com/philosophy/epistemology+and+philosophy+of+science/journal/40656
=856  40$uhttp://www.tandf.co.uk/journals/titles/03919714.asp
=859  \\$aXLD$bejournal
=852  41$aBritish Library$bDSC$j4317.820000$3Volume 36:Issue 1(2014)-Volume 40:Issue 1(2018)***See ESTAR for full holdings.
=945  \\$aHistory and philosophy of the life sciences.
=959  \\$fHeld but not currently received
=979  \\$aBritish Library$bDSC$j4317.820000
=985  \\$aISSN responsibility transferred to ISSN Germany, 20/10/14
=985  \\$aUpgraded by BSS-generated file for WR2011-1473
=CAT  \\$a9604$b40$c20040507$lTMP01$h1042
=CAT  \\$a12654$b40$c20150527$lBLL01$h0950
=CAT  \\$aBLDSS-3PM$b00$c20150611$lBLL01$h1743
=CAT  \\$aBATCH-UPD$b00$c20160217$lBLL01$h1814
=CAT  \\$aIPL-CLA$c20160331$lBLL01$h1723
=CAT  \\$aBATCH-UPD$b00$c20160413$lBLL01$h1818
=CAT  \\$aBATCH-UPD$b00$c20160524$lBLL01$h2156
=CAT  \\$aBATCH-UPD$b00$c20160524$lBLL01$h2248
=CAT  \\$aBATCH-UPD$b00$c20160824$lBLL01$h1839
=CAT  \\$aIPL-CLA$c20160930$lBLL01$h1600
=CAT  \\$aBATCH-UPD$b00$c20170216$lBLL01$h1922
=CAT  \\$aIPL-CLA$c20170331$lBLL01$h1842
=CAT  \\$aBATCH-UPD$b00$c20170904$lBLL01$h1943
=CAT  \\$aIPL-CLA$c20170929$lBLL01$h1726
=CAT  \\$a5552$b40$c20180105$lBLL01$h0743
=CAT  \\$aBATCH-UPD$b40$c20180223$lBLL01$h1931
=CAT  \\$aIPL-CLA$c20180331$lBLL01$h1617
=CAT  \\$aW1805-0475$c20180520$lBLL01$h1631
=CAT  \\$aBATCH-UPD$b00$c20180524$lBLL01$h1811
=CAT  \\$aIPL-CLA$c20180630$lBLL01$h1915
=CAT  \\$aW1908-0780$b00$c20200730$lBLL01$h1326
=CAT  \\$aW2011-1473$b00$c20201124$lBLL01$h1857
=CAT  \\$aCDS21$c20220118$lBLL01$h1104
=CAT  \\$a5410$b40$c20221120$lBLL01$h1135
=CAT  \\$aBATCH-UPD$b40$c20221121$lBLL01$h1359
=CAT  \\$aIPL-CLA$c20221231$lBLL01$h1445
=CFI  0\$aCurrent copyright fee: GBP29.95$c22\1$e01-jan-2023$fGBP29.95$g0$hP$5Uk
=CFI  2\$aPrevious copyright fee: GBP34.00$c22\1$e01-jul-2018$fGBP34.00$g0$hP$5Uk
=EST  \\$a1
=FFP  \\$aY$bBLDSS-3PM
=FIN  \\$aY$d20060607
=MNI  \\$a0391-9714
=TCO  \\$aCLA$bCLA$c008
=TOC  \\$aETOC
=UNO  \\$aY
=ACF  \\$aPrevious copyright fee: GBP25.77$c4\1$e20-may-2015$fGBP25.77$g0$hP$5Uk
=ACF  \\$aPrevious copyright fee: GBP27.55$c4\1$e01-apr-2016$fGBP27.55$g0$hP$5Uk
=ACF  \\$aPrevious copyright fee: GBP29.59$c4\1$e01-oct-2016$fGBP29.59$g0$hP$5Uk
=ACF  \\$aPrevious copyright fee: GBP30.73$c4\1$e01-oct-2017$fGBP30.73$g0$hP$5Uk
=ACF  \\$aPrevious copyright fee: GBP31.96$c4\1$e01-apr-2017$fGBP31.96$g0$hP$5Uk
=ACF  \\$aPrevious copyright fee: GBP30.73$c4\4$e05-jan-2018$fGBP30.73$g0$hP$5Uk
=ACF  \\$aPrevious copyright fee: GBP28.54$c4\4$e01-apr-2018$fGBP28.54$g0$hP$5Uk
=LAS  \\$aIPL-CLA$b00$c20221231$lBLL01$h1445

