=LDR  05304cas a2201225 a 4500
=001  012916774
=003  Uk
=005  20230506151740.0
=006  m\\\\\\\\d\\\\\\\\
=007  cr\mnu||||||||
=008  020713c19999999xxubx\pss\\\\\0\\\a0eng\d
=FMT  \\$a  SE
=022  0\$a1476-3524
=035  \\$a(OCoLC)50166444
=040  \\$aF#A$cF#A$dOCLCQ$dMUQ$dUk
=042  \\$aukblsr
=050  \4$aQP361
=082  04$a616.8$221
=130  0\$aNeurotoxicity research (Online)
=210  0\$aNeurotox. res.$b(Online)
=222  \0$aNeurotoxicity research$b(Online)
=245  10$aNeurotoxicity research$h[electronic resource].
=260  \\$aAbingdon :$bTaylor & Francis
=260  3\$aNew York, N.Y. :$bSpringer
=310  \\$aEight issues yearly
=336  \\$atext$2rdacontent
=337  \\$acomputer$2rdamedia
=338  \\$aonline resource$2rdacarrier
=362  1\$aPrint began in 1999.
=500  \\$aDescription based on: Vol. 4, no. 1 (2002); title from journal information screen (viewed July 3, 2002).
=530  \\$aAlso issued in print.
=538  \\$aMode of access: World Wide Web.
=540  \\$aCurrent copyright fee: GBP34.95$c22\1$5Uk
=650  \0$aNeurotoxicology$vPeriodicals.
=650  \0$aNeurons$xEffect of drugs on$vPeriodicals.
=650  \0$aApoptosis$vPeriodicals.
=650  \0$aNeurotoxic agents$vPeriodicals.
=650  \0$aNervous system$xDegeneration$vPeriodicals.
=650  \0$aNervous system$xRegeneration$vPeriodicals.
=776  0\$tNeurotoxicity research$x1029-8428
=776  1\$tNeurotoxicity research$x1029-8428
=856  \\$31850-9999$uhttp://www.springer.com/gb/$xBLDSS
=856  40$uhttp://www.springerlink.com/content/1029-8428
=859  \\$aXLD$bejournal
=852  41$aBritish Library$bDSC$j6081.585700$3Volume 1:Issue 1(1999)-Volume 33:Issue 2(2018)***See ESTAR for full holdings.
=945  \\$aNeurotoxicity research
=959  \\$fHeld but not currently received
=979  \\$aBritish Library$bDSC$j6081.585700
=985  \\$aResponsibility for ISSN transferred to ISSN Germany from ISSN UK Centre, 04.05.2010.
=985  \\$aCONFERENCE ANALYTIC RECORDS EXIST
=CAT  \\$a6537$b40$c20040513$lTMP01$h1411
=CAT  \\$aBATCH-UPD$b00$c20150520$lBLL01$h1743
=CAT  \\$aIPL-CLA$c20150630$lBLL01$h1644
=CAT  \\$aBATCH-UPD$b00$c20150820$lBLL01$h1830
=CAT  \\$aIPL-CLA$c20150930$lBLL01$h1802
=CAT  \\$aBATCH-UPD$b00$c20160217$lBLL01$h1719
=CAT  \\$aIPL-CLA$c20160331$lBLL01$h1723
=CAT  \\$aBATCH-UPD$b00$c20160524$lBLL01$h2209
=CAT  \\$aBATCH-UPD$b00$c20160525$lBLL01$h0016
=CAT  \\$aBATCH-UPD$b00$c20160824$lBLL01$h1748
=CAT  \\$aIPL-CLA$c20160930$lBLL01$h1600
=CAT  \\$aBATCH-UPD$b00$c20170216$lBLL01$h1835
=CAT  \\$aIPL-CLA$c20170331$lBLL01$h1842
=CAT  \\$aBATCH-UPD$b00$c20170904$lBLL01$h1844
=CAT  \\$aIPL-CLA$c20170929$lBLL01$h1726
=CAT  \\$aBATCH-UPD$b00$c20180223$lBLL01$h1703
=CAT  \\$aIPL-CLA$c20180331$lBLL01$h1617
=CAT  \\$aW1805-0475$c20180520$lBLL01$h1631
=CAT  \\$aBATCH-UPD$b00$c20180524$lBLL01$h1708
=CAT  \\$aIPL-CLA$c20180630$lBLL01$h1915
=CAT  \\$aW1908-0780$b00$c20200730$lBLL01$h1326
=CAT  \\$a5552$b40$c20210824$lBLL01$h0843
=CAT  \\$aIPL-CLA$c20210930$lBLL01$h1527
=CAT  \\$aCDS21$c20220118$lBLL01$h1104
=CAT  \\$aBATCH-UPD$b00$c20221121$lBLL01$h1411
=CAT  \\$aIPL-CLA$c20221231$lBLL01$h1445
=CAT  \\$a5410$b40$c20230506$lBLL01$h1517
=CFI  0\$aCurrent copyright fee: GBP34.95$c22\1$e01-jan-2023$fGBP34.95$g0$hP$5Uk
=CFI  2\$aPrevious copyright fee: GBP43.00$c22\1$e01-oct-2021$fGBP43.00$g0$hP$5Uk
=EST  \\$a1
=FFP  \\$aY$bBLDSS-3PM
=FIN  \\$aY
=MNI  \\$a1029-8428
=SID  \\$aZ39$bOCLC
=TCO  \\$aTRS$bCCC$c008
=TCO  \\$aCLA$bCLA$c008
=TOC  \\$aETOC
=UNO  \\$aY
=ACF  \\$aPrevious copyright fee: GBP18.00$c0$e01-oct-2008$fGBP18.00$g0$hC$5Uk
=ACF  \\$aPrevious copyright fee: GBP22.00$c22\1$e23-mar-2009$fGBP22.00$g0$hP$5Uk
=ACF  \\$aPrevious copyright fee: GBP22.00$c22\1$e12-aug-2012$fGBP22.00$g0$hP$5Uk
=ACF  \\$aPrevious copyright fee: GBP25.00$c22\1$e01-jan-2013$fGBP25.00$g0$hP$5Uk
=ACF  \\$aPrevious copyright fee: GBP25.77$c22\1$e01-jul-2013$fGBP25.77$g0$hP$5Uk
=ACF  \\$aPrevious copyright fee: GBP24.97$c22\1$e01-jan-2014$fGBP24.97$g0$hP$5Uk
=ACF  \\$aPrevious copyright fee: GBP24.21$c22\1$e01-jul-2014$fGBP24.21$g0$hP$5Uk
=ACF  \\$aPrevious copyright fee: GBP25.77$c22\1$e01-apr-2015$fGBP25.77$g0$hP$5Uk
=ACF  \\$aPrevious copyright fee: GBP26.63$c22\1$e01-jul-2015$fGBP26.63$g0$hP$5Uk
=ACF  \\$aPrevious copyright fee: GBP25.77$c22\1$e01-oct-2015$fGBP25.77$g0$hP$5Uk
=ACF  \\$aPrevious copyright fee: GBP27.55$c22\1$e01-apr-2016$fGBP27.55$g0$hP$5Uk
=ACF  \\$aPrevious copyright fee: GBP29.59$c22\1$e01-oct-2016$fGBP29.59$g0$hP$5Uk
=ACF  \\$aPrevious copyright fee: GBP31.96$c22\1$e01-apr-2017$fGBP31.96$g0$hP$5Uk
=ACF  \\$aPrevious copyright fee: GBP30.73$c22\1$e01-oct-2017$fGBP30.73$g0$hP$5Uk
=ACF  \\$aPrevious copyright fee: GBP28.54$c22\1$e01-apr-2018$fGBP28.54$g0$hP$5Uk
=ACF  \\$aPrevious copyright fee: GBP34.00$c22\1$e01-jul-2018$fGBP34.00$g0$hP$5Uk
=LAS  \\$a5410$b40$c20230506$lBLL01$h1517

