=LDR  05809cas a2201273 a 4500
=001  013084854
=003  Uk
=005  20230505143230.0
=006  m\\\\\\\\d\\\\\\\\
=007  cr\mnu||||||||
=008  981001c19869999gw\\x\pso\\\\\0\\\a0eng\c
=FMT  \\$a  SE
=010  \\$a2001229156
=022  0\$a1432-0819$l0258-8900$y0258-8900
=035  \\$a(OCoLC)39972581
=040  \\$aPIT$cPIT$dOCL$dFTU$dFUG$dOCLCQ$dOCL$dCIT$dOCLCQ$dUk
=042  \\$aukblsr
=050  \4$aQE521.5
=082  04$a551.2105$223
=130  0\$aBulletin of volcanology (Online)
=210  0\$aBull. volcanol.$b(Internet)
=222  \0$aBulletin of volcanology$b(Internet)
=245  10$aBulletin of volcanology$h[electronic resource].
=260  \\$aBerlin :$bSpringer International
=310  \\$aIrregular
=336  \\$atext$2rdacontent
=337  \\$acomputer$2rdamedia
=338  \\$aonline resource$2rdacarrier
=362  1\$aPrint began with vol. 48, no. 1 (Feb. 1986).
=580  \\$aIncludes issues of earlier title: Bulletin Volcanologique.
=500  \\$aTitle from title screen.
=510  2\$aChemical abstracts,$x0009-2258,$b-1988
=525  \\$aSupplementary material available online.
=530  \\$aAlso issued in print.
=538  \\$aMode of access: World Wide Web.
=550  \\$aOfficial journal of: the International Association of Volcanology and Chemistry of the Earth's Interior (IAVCEI), 1986-.
=588  \\$aLatest issue consulted: Vol. 73, no. 7 (Sept. 2011), (SpringerLink, viewed Sept. 6, 2011).
=540  \\$aCurrent copyright fee: GBP29.95$c22\1$5Uk
=650  \0$aVolcanoes$vPeriodicals.
=710  2\$aInternational Association of Volcanology and Chemistry of the Earth's Interior.
=776  1\$tBulletin of volcanology$x0258-8900
=780  00$tBulletin volcanologique$c(Online)
=856  \\$31850-9999$uhttp://www.springer.com/gb/$xBLDSS
=856  40$uhttp://link.springer-ny.com/link/service/journals/00445/
=856  40$uhttp://link.springer.de/link/service/journals/00445/index.htm
=856  40$uhttp://www.springerlink.com/content/0258-8900/
=859  \\$aXLD$bejournal
=852  41$aBritish Library$bDSC$j2925.020000$3Volume 61:Issue 7(2000)-Volume 80:Issue 4(2018)***See ESTAR for full holdings.
=945  \\$aBULLETIN OF VOLCANOLOGY
=959  \\$fHeld but not currently received
=979  \\$aBritish Library$bDSC$j2925.020000
=985  \\$aCONFERENCE ANALYTIC RECORDS EXIST
=CAT  \\$a5552$b40$c20050118$lBLL01$h1446
=CAT  \\$aBATCH-UPD$b00$c20150219$lBLL01$h1742
=CAT  \\$aIPL-CLA$c20150331$lBLL01$h1638
=CAT  \\$aBATCH-UPD$b00$c20150520$lBLL01$h1749
=CAT  \\$aIPL-CLA$c20150630$lBLL01$h1646
=CAT  \\$aBATCH-UPD$b00$c20150820$lBLL01$h1837
=CAT  \\$aIPL-CLA$c20150930$lBLL01$h1806
=CAT  \\$aBATCH-UPD$b00$c20160217$lBLL01$h1727
=CAT  \\$aIPL-CLA$c20160331$lBLL01$h1726
=CAT  \\$aBATCH-UPD$b00$c20160524$lBLL01$h2209
=CAT  \\$aBATCH-UPD$b00$c20160525$lBLL01$h0017
=CAT  \\$aBATCH-UPD$b00$c20160824$lBLL01$h1754
=CAT  \\$aIPL-CLA$c20160930$lBLL01$h1603
=CAT  \\$aBATCH-UPD$b00$c20170216$lBLL01$h1843
=CAT  \\$aIPL-CLA$c20170331$lBLL01$h1844
=CAT  \\$aBATCH-UPD$b00$c20170904$lBLL01$h1851
=CAT  \\$aIPL-CLA$c20170929$lBLL01$h1728
=CAT  \\$aBATCH-UPD$b00$c20180223$lBLL01$h1720
=CAT  \\$aIPL-CLA$c20180331$lBLL01$h1619
=CAT  \\$aW1805-0475$c20180520$lBLL01$h1631
=CAT  \\$aBATCH-UPD$b00$c20180524$lBLL01$h1713
=CAT  \\$aIPL-CLA$c20180630$lBLL01$h1916
=CAT  \\$aW1908-0780$b00$c20200730$lBLL01$h1326
=CAT  \\$aCDS21$c20220118$lBLL01$h1104
=CAT  \\$aBATCH-UPD$b00$c20221121$lBLL01$h1400
=CAT  \\$aIPL-CLA$c20221231$lBLL01$h1445
=CAT  \\$a5410$b40$c20230505$lBLL01$h1432
=CFI  0\$aCurrent copyright fee: GBP29.95$c22\1$e01-jan-2023$fGBP29.95$g0$hP$5Uk
=CFI  2\$aPrevious copyright fee: GBP34.00$c22\1$e01-jul-2018$fGBP34.00$g0$hP$5Uk
=EST  \\$a1
=FFP  \\$aY$bBLDSS-3PM
=FIN  \\$aY$d20110906
=LKR  \\$aPAR$b011737257$lBLL01$mBulletin of volcanology (Online)$nBulletin of volcanology (Print)
=MNI  \\$a0258-8900
=SID  \\$aZ39$bOCLC
=TCO  \\$aZZZ$c008
=TCO  \\$aDEU$bVG WORT$c008
=TOC  \\$aETOC
=UNO  \\$aY
=ACF  \\$aPrevious copyright fee: GBP16.67$c22\3$e01-jan-2006$fGBP16.67$g0$hP$5Uk
=ACF  \\$aPrevious copyright fee: GBP16.22$c22\3$e01-apr-2005$fGBP16.22$g0$hP$5Uk
=ACF  \\$aPrevious copyright fee: GBP16.67$c22\3$e01-jan-2005$fGBP16.67$g0$hP$5Uk
=ACF  \\$aPrevious copyright fee: GBP17.14$c22\3$e01-apr-2006$fGBP17.14$g0$hP$5Uk
=ACF  \\$aPrevious copyright fee: GBP22.00$c22\3$e12-aug-2012$fGBP22.00$g0$hP$5Uk
=ACF  \\$aPrevious copyright fee: GBP25.00$c22\3$e01-jan-2013$fGBP25.00$g0$hP$5Uk
=ACF  \\$aPrevious copyright fee: GBP25.77$c22\3$e01-jul-2013$fGBP25.77$g0$hP$5Uk
=ACF  \\$aPrevious copyright fee: GBP24.97$c22\3$e01-jan-2014$fGBP24.97$g0$hP$5Uk
=ACF  \\$aPrevious copyright fee: GBP24.21$c22\3$e01-jul-2014$fGBP24.21$g0$hP$5Uk
=ACF  \\$aPrevious copyright fee: GBP25.77$c22\3$e01-apr-2015$fGBP25.77$g0$hP$5Uk
=ACF  \\$aPrevious copyright fee: GBP26.63$c22\3$e01-jul-2015$fGBP26.63$g0$hP$5Uk
=ACF  \\$aPrevious copyright fee: GBP25.77$c22\3$e01-oct-2015$fGBP25.77$g0$hP$5Uk
=ACF  \\$aPrevious copyright fee: GBP27.55$c22\3$e01-apr-2016$fGBP27.55$g0$hP$5Uk
=ACF  \\$aPrevious copyright fee: GBP29.59$c22\3$e01-oct-2016$fGBP29.59$g0$hP$5Uk
=ACF  \\$aPrevious copyright fee: GBP31.96$c22\3$e01-apr-2017$fGBP31.96$g0$hP$5Uk
=ACF  \\$aPrevious copyright fee: GBP30.73$c22\3$e01-oct-2017$fGBP30.73$g0$hP$5Uk
=ACF  \\$aPrevious copyright fee: GBP28.54$c22\3$e01-apr-2018$fGBP28.54$g0$hP$5Uk
=LAS  \\$a5410$b40$c20230505$lBLL01$h1432

