=LDR  05433cas a2201201 a 4500
=001  013087541
=003  Uk
=005  20230302150311.0
=006  m\\\\\\\\d\f\\\\\\
=007  cr\un|||||||||
=008  050614c19909999au\qr\pso\o\\f0\\\a0eng\d
=FMT  \\$a  SE
=022  0\$a1613-7507$l0937-9347
=035  \\$a(OCoLC)60626615
=040  \\$aOCLCS$beng$cOCLCS$dAUD$dCIT$dOCLCQ$dUk
=050  \4$aQC762
=060  \4$aW1$bAP525M
=082  04$a538.362$222
=130  0\$aApplied magnetic resonance (Online)
=210  0\$aAppl. magn. reson.$b(Internet)
=222  \0$aApplied magnetic resonance$b(Internet)
=245  10$aApplied magnetic resonance$h[electronic resource].
=246  13$aAMR
=260  \\$aWien :$bSpringer
=310  \\$a4 no. a year,$b1991-
=321  \\$aThree times a year,$b1990-1991
=336  \\$atext$2rdacontent
=337  \\$acomputer$2rdamedia
=338  \\$aonline resource$2rdacarrier
=362  1\$aBegan with v. 1, no. 1 (June 1990).
=515  \\$aVol. 1, no. 2- lacks monthly designation.
=515  \\$aSome no. combined.
=588  \\$aDescription based on: V. 12:no. 1 (1997:Jan.); title from PDF caption (SpringerLink, Jan. 10, 2010).
=588  \\$aLatest issue consulted: vol. 40, no.3 (May 2011) (SpringerLink, viewed May 11, 2011).
=540  \\$aCurrent copyright fee: GBP29.95$c22\1$5Uk
=650  \0$aNuclear magnetic resonance$vPeriodicals.
=650  \0$aMagnetic resonance$vPeriodicals.
=710  2\$aAkademii︠a︡ nauk SSSR.$bOtdelenie obshcheĭ fiziki i astronomii.
=710  2\$aKazanskiĭ fiziko-tekhnicheskiĭ institut.
=776  08$iPrint version$tApplied magnetic resonance$x0937-9347
=856  \\$31850-9999$uhttp://www.springer.com/gb/$xBLDSS
=856  40$uhttp://www.springerlink.com/content/0937-9347/40/3/
=856  40$uhttp://www.springerlink.com/content/120628
=859  \\$aXLD$bejournal
=852  41$aBritish Library$bDSC$j1573.500000$3Volume 16:Issue 4(1999)-Volume 49:Issue 4(2018)***See ESTAR for full holdings.
=945  \\$aApplied magnetic resonance
=959  \\$fHeld but not currently received
=979  \\$aBritish Library$bDSC$j1573.500000
=CAT  \\$a7750$b40$c20050119$lBLL01$h1547
=CAT  \\$aBATCH-UPD$b00$c20150219$lBLL01$h1811
=CAT  \\$aIPL-CLA$c20150331$lBLL01$h1638
=CAT  \\$aBATCH-UPD$b00$c20150520$lBLL01$h1809
=CAT  \\$aIPL-CLA$c20150630$lBLL01$h1646
=CAT  \\$aBATCH-UPD$b00$c20150820$lBLL01$h1854
=CAT  \\$aIPL-CLA$c20150930$lBLL01$h1806
=CAT  \\$aBATCH-UPD$b00$c20160217$lBLL01$h1746
=CAT  \\$aIPL-CLA$c20160331$lBLL01$h1726
=CAT  \\$aBATCH-UPD$b00$c20160524$lBLL01$h2209
=CAT  \\$aBATCH-UPD$b00$c20160525$lBLL01$h0017
=CAT  \\$aBATCH-UPD$b00$c20160824$lBLL01$h1814
=CAT  \\$aIPL-CLA$c20160930$lBLL01$h1603
=CAT  \\$aBATCH-UPD$b00$c20170216$lBLL01$h1902
=CAT  \\$aIPL-CLA$c20170331$lBLL01$h1844
=CAT  \\$aBATCH-UPD$b00$c20170904$lBLL01$h1914
=CAT  \\$aIPL-CLA$c20170929$lBLL01$h1728
=CAT  \\$aBATCH-UPD$b00$c20180223$lBLL01$h1746
=CAT  \\$aIPL-CLA$c20180331$lBLL01$h1619
=CAT  \\$aW1805-0475$c20180520$lBLL01$h1631
=CAT  \\$aBATCH-UPD$b00$c20180524$lBLL01$h1731
=CAT  \\$aIPL-CLA$c20180630$lBLL01$h1916
=CAT  \\$aW1908-0780$b00$c20200730$lBLL01$h1326
=CAT  \\$aCDS21$c20220118$lBLL01$h1104
=CAT  \\$aBATCH-UPD$b00$c20221121$lBLL01$h1400
=CAT  \\$aIPL-CLA$c20221231$lBLL01$h1445
=CAT  \\$a5410$b40$c20230302$lBLL01$h1503
=CFI  0\$aCurrent copyright fee: GBP29.95$c22\1$e01-jan-2023$fGBP29.95$g0$hP$5Uk
=CFI  2\$aPrevious copyright fee: GBP34.00$c22\1$e01-jul-2018$fGBP34.00$g0$hP$5Uk
=EST  \\$a1
=FFP  \\$aY$bBLDSS-3PM
=FIN  \\$aY$d20110511
=LKR  \\$aPAR$b012108266$lBLL01$nApplied magnetic resonance [electronic resource].$mApplied magnetic resonance (Print).$r776
=MNI  \\$a0937-9347
=SID  \\$aZ39$bOCLC
=TCO  \\$aXXX$c008
=TOC  \\$aETOC
=UNO  \\$aY
=ACF  \\$aPrevious copyright fee: GBP21.25$c23\6$e01-jan-2009$fGBP21.25$g0$hP$5Uk
=ACF  \\$aPrevious Copyright Fee: GBP16.75$c23\6$e27-feb-2008$fGBP16.75$g0$hP$5Uk
=ACF  \\$aPrevious copyright fee: GBP22.00$c23\6$e01-apr-2009$fGBP22.00$g0$hP$5Uk
=ACF  \\$aPrevious copyright fee: GBP22.00$c23\6$e12-aug-2012$fGBP22.00$g0$hP$5Uk
=ACF  \\$aPrevious copyright fee: GBP25.00$c23\6$e01-jan-2013$fGBP25.00$g0$hP$5Uk
=ACF  \\$aPrevious copyright fee: GBP25.77$c23\6$e01-jul-2013$fGBP25.77$g0$hP$5Uk
=ACF  \\$aPrevious copyright fee: GBP24.97$c23\6$e01-jan-2014$fGBP24.97$g0$hP$5Uk
=ACF  \\$aPrevious copyright fee: GBP24.21$c23\6$e01-jul-2014$fGBP24.21$g0$hP$5Uk
=ACF  \\$aPrevious copyright fee: GBP25.77$c23\6$e01-apr-2015$fGBP25.77$g0$hP$5Uk
=ACF  \\$aPrevious copyright fee: GBP26.63$c23\6$e01-jul-2015$fGBP26.63$g0$hP$5Uk
=ACF  \\$aPrevious copyright fee: GBP25.77$c23\6$e01-oct-2015$fGBP25.77$g0$hP$5Uk
=ACF  \\$aPrevious copyright fee: GBP27.55$c23\6$e01-apr-2016$fGBP27.55$g0$hP$5Uk
=ACF  \\$aPrevious copyright fee: GBP29.59$c23\6$e01-oct-2016$fGBP29.59$g0$hP$5Uk
=ACF  \\$aPrevious copyright fee: GBP31.96$c23\6$e01-apr-2017$fGBP31.96$g0$hP$5Uk
=ACF  \\$aPrevious copyright fee: GBP30.73$c23\6$e01-oct-2017$fGBP30.73$g0$hP$5Uk
=ACF  \\$aPrevious copyright fee: GBP28.54$c23\6$e01-apr-2018$fGBP28.54$g0$hP$5Uk
=LAS  \\$a5410$b40$c20230302$lBLL01$h1503

