=LDR  05625cas a2201201 a 4500
=001  013089580
=003  Uk
=005  20221231144554.0
=006  m\\\\\\\\d\\\\\\\\
=007  cr\cnu||||||||
=008  000124c19899999gw\bx\pso\\\\\0\\\a0eng\c
=FMT  \\$a  SE
=010  \\$a2001229167
=022  0\$a1432-0959$l0935-1175$y0935-1175
=035  \\$a(OCoLC)43334621
=040  \\$aPIT$cPIT$dFUG$dOCLCQ$dMUQ$dCGU$dOCL$dOCLCQ$dMYG$dOCLCQ$dUk
=042  \\$aukblsr
=050  14$aQA808.2
=082  04$a536.7$223
=130  0\$aContinuum mechanics and thermodynamics (Online)
=222  \0$aContinuum mechanics and thermodynamics$b(Internet)
=245  10$aContinuum mechanics and thermodynamics$h[electronic resource].
=260  \\$aBerlin :$bSpringer
=310  \\$a8 no. a year,$b2005-
=321  \\$aFour no. a year,$b-1995
=321  \\$a6 no. a year,$b1996-2004
=336  \\$atext$2rdacontent
=337  \\$acomputer$2rdamedia
=338  \\$aonline resource$2rdacarrier
=362  1\$aBegan with v. 1 , no. 1 (Feb. 1989).
=588  \\$aDescription based on: Vol. 1, no. 1 (Feb. 1989); title from journal contents page (SpringerLink, viewed Oct. 29, 2009).
=588  \\$aLatest issue consulted: Vol. 23, no. 3 (May 2011) (SpringerLink, viewed July 5, 2011).
=540  \\$aCurrent copyright fee: GBP29.95$c22\1$5Uk
=650  \0$aContinuum mechanics$vPeriodicals.
=650  \0$aThermodynamics$vPeriodicals.
=776  08$iPrint version:$tContinuum mechanics and thermodynamics$x0935-1175
=856  \\$31850-9999$uhttp://www.springer.com/gb/$xBLDSS
=856  40$uhttp://link.springer-ny.com/link/service/journals/00161/index.htm
=856  40$uhttp://link.springer.de/link/service/journals/00161/index.htm
=856  40$uhttp://www.metapress.com/link.asp?id=100469
=856  40$uhttp://www.springerlink.com/content/0935-1175/
=856  40$uhttp://www.springerlink.com/content/1432-0959
=856  40$uhttp://www.springerlink.com/link.asp?id=100469
=859  \\$aXLD$bejournal
=852  41$aBritish Library$bDSC$j3425.730000$3Volume 14:Issue 4(2002)-Volume 30:Issue 2(2018)***See ESTAR for full holdings.
=945  \\$aCONTINUUM MECHANICS AND THERMODYNAMICS.
=959  \\$fHeld but not currently received
=979  \\$aBritish Library$bDSC$j3425.730000
=CAT  \\$a7750$b40$c20050122$lBLL01$h1631
=CAT  \\$aIPL-CLA$c20150331$lBLL01$h1638
=CAT  \\$aBATCH-UPD$b00$c20150520$lBLL01$h1749
=CAT  \\$aIPL-CLA$c20150630$lBLL01$h1646
=CAT  \\$aBATCH-UPD$b00$c20150820$lBLL01$h1837
=CAT  \\$aIPL-CLA$c20150930$lBLL01$h1806
=CAT  \\$aBATCH-UPD$b00$c20160217$lBLL01$h1727
=CAT  \\$aIPL-CLA$c20160331$lBLL01$h1726
=CAT  \\$aBATCH-UPD$b00$c20160524$lBLL01$h2209
=CAT  \\$aBATCH-UPD$b00$c20160525$lBLL01$h0018
=CAT  \\$aBATCH-UPD$b00$c20160824$lBLL01$h1754
=CAT  \\$aIPL-CLA$c20160930$lBLL01$h1603
=CAT  \\$aBATCH-UPD$b00$c20170216$lBLL01$h1843
=CAT  \\$aIPL-CLA$c20170331$lBLL01$h1844
=CAT  \\$aBATCH-UPD$b00$c20170904$lBLL01$h1851
=CAT  \\$aIPL-CLA$c20170929$lBLL01$h1728
=CAT  \\$aBATCH-UPD$b00$c20180223$lBLL01$h1720
=CAT  \\$aIPL-CLA$c20180331$lBLL01$h1619
=CAT  \\$aW1805-0475$c20180520$lBLL01$h1631
=CAT  \\$aBATCH-UPD$b00$c20180524$lBLL01$h1713
=CAT  \\$aIPL-CLA$c20180630$lBLL01$h1916
=CAT  \\$aW1908-0780$b00$c20200730$lBLL01$h1327
=CAT  \\$aCDS21$c20220118$lBLL01$h1105
=CAT  \\$aBATCH-UPD$b00$c20221121$lBLL01$h1400
=CAT  \\$a5410$b40$c20221209$lBLL01$h1038
=CAT  \\$aIPL-CLA$c20221231$lBLL01$h1445
=CFI  0\$aCurrent copyright fee: GBP29.95$c22\1$e01-jan-2023$fGBP29.95$g0$hP$5Uk
=CFI  2\$aPrevious copyright fee: GBP34.00$c22\1$e01-jul-2018$fGBP34.00$g0$hP$5Uk
=EST  \\$a1
=FFP  \\$aY$bBLDSS-3PM
=FIN  \\$aY$d20110705
=LKR  \\$aPAR$b012407452$lBLL01$r776$mContinuum mechanics and thermodynamics (Online)$nContinuum mechanics and thermodynamics (Print)
=MNI  \\$a0935-1175
=SID  \\$aZ39$bOCLC
=TCO  \\$aDEU$bVG WORT$c008
=TOC  \\$aETOC
=UNO  \\$aY
=ACF  \\$aPrevious copyright fee: GBP16.67$c22\3$e01-jan-2006$fGBP16.67$g0$hP$5Uk
=ACF  \\$aPrevious copyright fee: GBP16.22$c22\3$e01-apr-2005$fGBP16.22$g0$hP$5Uk
=ACF  \\$aPrevious copyright fee: GBP16.67$c22\3$e01-jan-2005$fGBP16.67$g0$hP$5Uk
=ACF  \\$aPrevious copyright fee: GBP17.14$c22\3$e01-apr-2006$fGBP17.14$g0$hP$5Uk
=ACF  \\$aPrevious copyright fee: GBP22.00$c22\3$e12-aug-2012$fGBP22.00$g0$hP$5Uk
=ACF  \\$aPrevious copyright fee: GBP25.00$c22\3$e01-jan-2013$fGBP25.00$g0$hP$5Uk
=ACF  \\$aPrevious copyright fee: GBP25.77$c22\3$e01-jul-2013$fGBP25.77$g0$hP$5Uk
=ACF  \\$aPrevious copyright fee: GBP24.97$c22\3$e01-jan-2014$fGBP24.97$g0$hP$5Uk
=ACF  \\$aPrevious copyright fee: GBP24.21$c22\3$e01-jul-2014$fGBP24.21$g0$hP$5Uk
=ACF  \\$aPrevious copyright fee: GBP25.77$c22\3$e01-apr-2015$fGBP25.77$g0$hP$5Uk
=ACF  \\$aPrevious copyright fee: GBP26.63$c22\3$e01-jul-2015$fGBP26.63$g0$hP$5Uk
=ACF  \\$aPrevious copyright fee: GBP25.77$c22\3$e01-oct-2015$fGBP25.77$g0$hP$5Uk
=ACF  \\$aPrevious copyright fee: GBP27.55$c22\3$e01-apr-2016$fGBP27.55$g0$hP$5Uk
=ACF  \\$aPrevious copyright fee: GBP29.59$c22\3$e01-oct-2016$fGBP29.59$g0$hP$5Uk
=ACF  \\$aPrevious copyright fee: GBP31.96$c22\3$e01-apr-2017$fGBP31.96$g0$hP$5Uk
=ACF  \\$aPrevious copyright fee: GBP30.73$c22\3$e01-oct-2017$fGBP30.73$g0$hP$5Uk
=ACF  \\$aPrevious copyright fee: GBP28.54$c22\3$e01-apr-2018$fGBP28.54$g0$hP$5Uk
=LAS  \\$aIPL-CLA$b00$c20221231$lBLL01$h1445

