=LDR  05600cas a2201213 a 4500
=001  013089699
=003  Uk
=005  20221231144556.0
=006  m\\\\\\\\d\\\\\\\\
=007  cr\un|||||||||
=008  050615c19869999gw\mr\pso\\\\\0\\\a0eng\c
=FMT  \\$a  SE
=010  \\$a2008233157
=022  0\$a1432-1262$l0179-1958$y0179-1958
=035  \\$a(OCoLC)60637753
=040  \\$aOCLCS$cOCLCS$dOCL$dGUA$dOCLCQ$dUk
=042  \\$aukblsr
=050  14$aRC860
=060  \4$aW1$bIN766DP
=082  04$a616.34$223
=130  0\$aInternational journal of colorectal disease (Online)
=222  \0$aInternational journal of colorectal disease$b(Internet)
=245  10$aInternational journal of colorectal disease$h[electronic resource].
=246  30$aColorectal disease
=260  \\$aBerlin :$bSpringer International
=310  \\$aMonthly
=336  \\$atext$2rdacontent
=337  \\$acomputer$2rdamedia
=338  \\$aonline resource$2rdacarrier
=362  1\$aPrint began with v. 1, no. 1 (Jan. 1986).
=500  \\$aDescription based on: Vol. 12, no. 1 (Mar. 1997); title from contents screen (SpringerLink, viewed Feb. 2, 2008).
=500  \\$aLatest issue consulted: Vol. 26, no. 9 (Sept. 2011) (viewed Sept. 6, 2011).
=538  \\$aMode of access: World Wide Web.
=540  \\$aCurrent copyright fee: GBP34.95$c22\1$5Uk
=650  \0$aColon (Anatomy)$xDiseases$vPeriodicals.
=650  \0$aColon (Anatomy)$xSurgery$vPeriodicals.
=650  \0$aRectum$xDiseases$vPeriodicals.
=650  \0$aRectum$xSurgery$vPeriodicals.
=776  08$iPrint version:$tInternational journal of colorectal disease$x0179-1958
=856  \\$31850-9999$uhttp://www.springer.com/gb/$xBLDSS
=856  40$uhttp://link.springer.de/link/service/journals/00384/index.htm
=856  40$uhttp://www.springerlink.com/content/100430/
=859  \\$aXLD$bejournal
=852  41$aBritish Library$bDSC$j4542.172400$3Volume 16:Issue 1(2001)-Volume 33:Issue 4(2018)***See ESTAR for full holdings.
=945  \\$aINTERNATIONAL JOURNAL OF COLORECTAL DISEASE.
=959  \\$fHeld but not currently received
=979  \\$aBritish Library$bDSC$j4542.172400
=CAT  \\$a6524$b40$c20050123$lBLL01$h1256
=CAT  \\$aIPL-CLA$c20150630$lBLL01$h1646
=CAT  \\$aBATCH-UPD$b00$c20150820$lBLL01$h1837
=CAT  \\$aIPL-CLA$c20150930$lBLL01$h1806
=CAT  \\$aBATCH-UPD$b00$c20160217$lBLL01$h1727
=CAT  \\$aIPL-CLA$c20160331$lBLL01$h1726
=CAT  \\$aBATCH-UPD$b00$c20160519$lBLL01$h1036
=CAT  \\$aBATCH-UPD$b00$c20160524$lBLL01$h2210
=CAT  \\$aBATCH-UPD$b00$c20160824$lBLL01$h1755
=CAT  \\$aIPL-CLA$c20160930$lBLL01$h1603
=CAT  \\$aBATCH-UPD$b00$c20170216$lBLL01$h1843
=CAT  \\$aIPL-CLA$c20170331$lBLL01$h1844
=CAT  \\$aBATCH-UPD$b00$c20170904$lBLL01$h1851
=CAT  \\$aIPL-CLA$c20170929$lBLL01$h1728
=CAT  \\$aBATCH-UPD$b00$c20180223$lBLL01$h1720
=CAT  \\$aIPL-CLA$c20180331$lBLL01$h1620
=CAT  \\$aW1805-0475$c20180520$lBLL01$h1631
=CAT  \\$aBATCH-UPD$b00$c20180524$lBLL01$h1713
=CAT  \\$aIPL-CLA$c20180630$lBLL01$h1916
=CAT  \\$aW1908-0780$b00$c20200730$lBLL01$h1327
=CAT  \\$a5552$b40$c20210813$lBLL01$h1148
=CAT  \\$aIPL-CLA$c20210930$lBLL01$h1528
=CAT  \\$aCDS21$c20220118$lBLL01$h1105
=CAT  \\$aBATCH-UPD$b00$c20221121$lBLL01$h1411
=CAT  \\$a5410$b40$c20221204$lBLL01$h1419
=CAT  \\$aIPL-CLA$c20221231$lBLL01$h1445
=CFI  0\$aCurrent copyright fee: GBP34.95$c22\1$e01-jan-2023$fGBP34.95$g0$hP$5Uk
=CFI  2\$aPrevious copyright fee: GBP43.00$c22\1$e01-oct-2021$fGBP43.00$g0$hP$5Uk
=EST  \\$a1
=FFP  \\$aY$bBLDSS-3PM
=FIN  \\$aY$d20110906
=LKR  \\$aPAR$b009858345$lBLL01$r776$mInternational journal of colorectal disease (Online)$nInternational journal of colorectal disease (Print)
=MNI  \\$a0179-1958
=SID  \\$aZ39$bOCLC
=TCO  \\$aZZZ$c008
=TCO  \\$aDEU$bVG WORT$c008
=TOC  \\$aETOC
=UNO  \\$aY
=ACF  \\$aPrevious copyright fee: GBP16.67$c22\3$e01-jan-2006$fGBP16.67$g0$hP$5Uk
=ACF  \\$aPrevious copyright fee: GBP16.22$c22\3$e01-apr-2005$fGBP16.22$g0$hP$5Uk
=ACF  \\$aPrevious copyright fee: GBP16.67$c22\3$e01-jan-2005$fGBP16.67$g0$hP$5Uk
=ACF  \\$aPrevious copyright fee: GBP17.14$c22\3$e01-apr-2006$fGBP17.14$g0$hP$5Uk
=ACF  \\$aPrevious copyright fee: GBP22.00$c22\3$e12-aug-2012$fGBP22.00$g0$hP$5Uk
=ACF  \\$aPrevious copyright fee: GBP25.00$c22\3$e01-jan-2013$fGBP25.00$g0$hP$5Uk
=ACF  \\$aPrevious copyright fee: GBP25.77$c22\3$e01-jul-2013$fGBP25.77$g0$hP$5Uk
=ACF  \\$aPrevious copyright fee: GBP24.97$c22\3$e01-jan-2014$fGBP24.97$g0$hP$5Uk
=ACF  \\$aPrevious copyright fee: GBP24.21$c22\3$e01-jul-2014$fGBP24.21$g0$hP$5Uk
=ACF  \\$aPrevious copyright fee: GBP25.77$c22\3$e01-apr-2015$fGBP25.77$g0$hP$5Uk
=ACF  \\$aPrevious copyright fee: GBP26.63$c22\3$e01-jul-2015$fGBP26.63$g0$hP$5Uk
=ACF  \\$aPrevious copyright fee: GBP25.77$c22\3$e01-oct-2015$fGBP25.77$g0$hP$5Uk
=ACF  \\$aPrevious copyright fee: GBP27.55$c22\3$e01-apr-2016$fGBP27.55$g0$hP$5Uk
=ACF  \\$aPrevious copyright fee: GBP29.59$c22\3$e01-oct-2016$fGBP29.59$g0$hP$5Uk
=ACF  \\$aPrevious copyright fee: GBP31.96$c22\3$e01-apr-2017$fGBP31.96$g0$hP$5Uk
=ACF  \\$aPrevious copyright fee: GBP30.73$c22\3$e01-oct-2017$fGBP30.73$g0$hP$5Uk
=ACF  \\$aPrevious copyright fee: GBP28.54$c22\3$e01-apr-2018$fGBP28.54$g0$hP$5Uk
=ACF  \\$aPrevious copyright fee: GBP34.00$c22\1$e01-jul-2018$fGBP34.00$g0$hP$5Uk
=LAS  \\$aIPL-CLA$b00$c20221231$lBLL01$h1445

