=LDR  05946cas a2201273 a 4500
=001  013089762
=003  Uk
=005  20221231144557.0
=006  m\\\\\\\\d\\\\\\\\
=007  cr\mnu||||||||
=008  991229c19999999nyubr\pso\\\\\0\\\\0eng\c
=FMT  \\$a  SE
=010  \\$a2001229230
=022  0\$a1436-2236$l1436-2228$y1436-2228
=035  \\$a(OCoLC)43109292$z(OCoLC)45479380
=040  \\$aVPI$cVPI$dFUG$dOCLCQ$dGUA$dMUQ$dOCL$dOCLCQ$dUk
=042  \\$aukblsr
=050  14$aTP248.27.M37
=082  04$a660.6$223
=130  0\$aMarine biotechnology (Online)
=222  \0$aMarine biotechnology$b(Internet)
=245  10$aMarine biotechnology$h[electronic resource].
=246  13$aMBT
=246  17$aMar. biotechnol.
=260  \\$aNew York :$bSpringer-Verlag New York,$cc1999-
=310  \\$aBimonthly
=336  \\$atext$2rdacontent
=337  \\$acomputer$2rdamedia
=338  \\$aonline resource$2rdacarrier
=362  0\$aVol. 1, no. 1 (Jan. 1999)-
=588  \\$aTitle from contents screen (Springer LINK, viewed Apr. 8, 2004).
=588  \\$aLatest issue consulted: Vol. 13, no. 5 (Oct. 2011), viewed Sept. 13, 2011.
=525  \\$aSupplements accompany some issues.
=538  \\$aMode of access: World Wide Web.
=580  \\$aFormed by the merger of: Journal of marine biotechnology (Online), and: Molecular marine biology and biotechnology (Online).
=540  \\$aCurrent copyright fee: GBP29.95$c22\1$5Uk
=650  \0$aMarine biotechnology$vPeriodicals.
=650  \0$aMarine biology$vPeriodicals.
=650  \0$aMolecular biology$vPeriodicals.
=776  08$iPrint version:$tMarine biotechnology$x1436-2228
=780  14$tJournal of marine biotechnology$c(Online)$x1432-1408
=780  14$tMolecular marine biology and biotechnology$c(Online)$x1435-0637
=856  \\$31850-9999$uhttp://www.springer.com/gb/$xBLDSS
=856  40$uhttp://www.springerlink.com/content/1436-2228/
=856  40$uhttp://www.springerlink.com/link.asp?id=103465
=859  \\$aXLD$bejournal
=852  41$aBritish Library$bDSC$j5373.730000$3Volume 1:Issue 1(2000)-Volume 20:Issue 1(2018)***See ESTAR for full holdings.
=945  \\$aMARINE BIOTECHNOLOGY -NEW YORK- SPRINGER VERLAG-.
=959  \\$fHeld but not currently received
=979  \\$aBritish Library$bDSC$j5373.730000
=CAT  \\$a7750$b40$c20050123$lBLL01$h1605
=CAT  \\$aIPL-CLA$c20150331$lBLL01$h1638
=CAT  \\$aBATCH-UPD$b00$c20150520$lBLL01$h1759
=CAT  \\$aIPL-CLA$c20150630$lBLL01$h1646
=CAT  \\$aBATCH-UPD$b00$c20150820$lBLL01$h1846
=CAT  \\$aIPL-CLA$c20150930$lBLL01$h1806
=CAT  \\$aBATCH-UPD$b00$c20160217$lBLL01$h1737
=CAT  \\$aIPL-CLA$c20160331$lBLL01$h1726
=CAT  \\$aBATCH-UPD$b00$c20160524$lBLL01$h2210
=CAT  \\$aBATCH-UPD$b00$c20160525$lBLL01$h0019
=CAT  \\$aBATCH-UPD$b00$c20160824$lBLL01$h1804
=CAT  \\$aIPL-CLA$c20160930$lBLL01$h1603
=CAT  \\$aBATCH-UPD$b00$c20170216$lBLL01$h1852
=CAT  \\$aIPL-CLA$c20170331$lBLL01$h1844
=CAT  \\$aBATCH-UPD$b00$c20170904$lBLL01$h1902
=CAT  \\$aIPL-CLA$c20170929$lBLL01$h1728
=CAT  \\$aBATCH-UPD$b00$c20180223$lBLL01$h1735
=CAT  \\$aIPL-CLA$c20180331$lBLL01$h1620
=CAT  \\$aW1805-0475$c20180520$lBLL01$h1631
=CAT  \\$aBATCH-UPD$b00$c20180524$lBLL01$h1722
=CAT  \\$aIPL-CLA$c20180630$lBLL01$h1916
=CAT  \\$aW1908-0780$b00$c20200730$lBLL01$h1328
=CAT  \\$aCDS21$c20220118$lBLL01$h1105
=CAT  \\$aBATCH-UPD$b00$c20221121$lBLL01$h1400
=CAT  \\$a5410$b40$c20221208$lBLL01$h1306
=CAT  \\$aIPL-CLA$c20221231$lBLL01$h1445
=CFI  0\$aCurrent copyright fee: GBP29.95$c22\1$e01-jan-2023$fGBP29.95$g0$hP$5Uk
=CFI  2\$aPrevious copyright fee: GBP34.00$c22\1$e01-jul-2018$fGBP34.00$g0$hP$5Uk
=EST  \\$a1
=FFP  \\$aY$bBLDSS-3PM
=FIN  \\$aY$d20110913
=LKR  \\$aPAR$b011751706$lBLL01$nMarine biotechnology (Print)$mMarine biotechnology (Online)$r776
=MNI  \\$a1436-2228
=SID  \\$aZ39$bOCLC
=TCO  \\$aZZZ$c008
=TOC  \\$aETOC
=UNO  \\$aY
=ACF  \\$aPrevious copyright fee: GBP21.25$c22\8$e01-jan-2009$fGBP21.25$g0$hP$5Uk
=ACF  \\$aPrevious copyright fee: GBP16.75$c22\8$e01-jan-2007$fGBP16.75$g0$hP$5Uk
=ACF  \\$aPrevious copyright fee: GBP16.22$c22\8$e01-oct-2006$fGBP16.22$g0$hP$5Uk
=ACF  \\$aPrevious copyright fee: GBP17.14$c22\8$e01-apr-2006$fGBP17.14$g0$hP$5Uk
=ACF  \\$aPrevious copyright fee: GBP16.67$c22\8$e01-jan-2006$fGBP16.67$g0$hP$5Uk
=ACF  \\$aPrevious copyright fee: GBP16.22$c22\8$e01-apr-2005$fGBP16.22$g0$hP$5Uk
=ACF  \\$aPrevious copyright fee: GBP16.67$c22\8$e01-jan-2005$fGBP16.67$g0$hP$5Uk
=ACF  \\$aPrevious copyright fee: GBP22.00$c22\8$e01-apr-2009$fGBP22.00$g0$hP$5Uk
=ACF  \\$aPrevious copyright fee: GBP22.00$c22\8$e12-aug-2012$fGBP22.00$g0$hP$5Uk
=ACF  \\$aPrevious copyright fee: GBP25.00$c22\8$e01-jan-2013$fGBP25.00$g0$hP$5Uk
=ACF  \\$aPrevious copyright fee: GBP25.77$c22\8$e01-jul-2013$fGBP25.77$g0$hP$5Uk
=ACF  \\$aPrevious copyright fee: GBP24.97$c22\8$e01-jan-2014$fGBP24.97$g0$hP$5Uk
=ACF  \\$aPrevious copyright fee: GBP24.21$c22\8$e01-jul-2014$fGBP24.21$g0$hP$5Uk
=ACF  \\$aPrevious copyright fee: GBP25.77$c22\8$e01-apr-2015$fGBP25.77$g0$hP$5Uk
=ACF  \\$aPrevious copyright fee: GBP26.63$c22\8$e01-jul-2015$fGBP26.63$g0$hP$5Uk
=ACF  \\$aPrevious copyright fee: GBP25.77$c22\8$e01-oct-2015$fGBP25.77$g0$hP$5Uk
=ACF  \\$aPrevious copyright fee: GBP27.55$c22\8$e01-apr-2016$fGBP27.55$g0$hP$5Uk
=ACF  \\$aPrevious copyright fee: GBP29.59$c22\8$e01-oct-2016$fGBP29.59$g0$hP$5Uk
=ACF  \\$aPrevious copyright fee: GBP31.96$c22\8$e01-apr-2017$fGBP31.96$g0$hP$5Uk
=ACF  \\$aPrevious copyright fee: GBP30.73$c22\8$e01-oct-2017$fGBP30.73$g0$hP$5Uk
=ACF  \\$aPrevious copyright fee: GBP28.54$c22\8$e01-apr-2018$fGBP28.54$g0$hP$5Uk
=LAS  \\$aIPL-CLA$b00$c20221231$lBLL01$h1445

