=LDR  05344cas a2201177 a 4500
=001  013089764
=003  Uk
=005  20221231144557.0
=006  m\\\\\\\\d\\\\\\\\
=007  cr\mnu||||||||
=008  981124c19679999gw\mr\pss\\\\\0\\\a0eng\c
=FMT  \\$a  SE
=010  \\$a2004233605
=022  0\$a1432-1793$l0025-3162$y0025-3162
=035  \\$a(OCoLC)40393805
=040  \\$aCCO$cCCO$dOCL$dOCLCQ$dGUA$dOCLCQ$dMUQ$dOCL$dOCLCQ$dUk
=042  \\$apcc$aukblsr
=050  14$aQH91.A1
=082  04$a578.77$223
=130  0\$aMarine biology (Online)
=210  0\$aMar. biol.$b(Berl., Internet)
=222  \0$aMarine biology$b(Berlin. Internet)
=245  10$aMarine biology$h[electronic resource].
=260  \\$aBerlin :$bSpringer
=310  \\$a12 issues yearly,$b<July 2004->
=321  \\$aThree issues yearly,$b1981-1986, 1990-1991
=321  \\$aQuarterly,$b1967-1980, 1987-1989, 1992-
=336  \\$atext$2rdacontent
=337  \\$acomputer$2rdamedia
=338  \\$aonline resource$2rdacarrier
=362  1\$aPrint began with vol. 1, no. 1 (June 1967).
=500  \\$aDescription based on: Vol. 127, no. 3 (Feb. 1997); title from contents screen (Springer LINK, viewed Apr. 8, 2004).
=588  \\$aLatest issue consulted: vol. 158, no. 8 (Aug. 2011), viewed SpringerLink 9th Aug. 2011.
=515  \\$aSome issues combined.
=540  \\$aCurrent copyright fee: GBP29.95$c22\1$5Uk
=650  \0$aMarine biology$vPeriodicals.
=650  \6$aBiologie marine$vPériodiques.
=776  08$iPrint version:$tMarine Biology$x0025-3162
=856  \\$31850-9999$uhttp://www.springer.com/gb/$xBLDSS
=856  40$uhttp://www.springerlink.com/content/0025-3162
=856  40$uhttp://www.springerlink.com/link.asp?id=100441
=859  \\$aXLD$bejournal
=852  41$aBritish Library$bDSC$j5373.700000$3Volume 141Issue 5(2002)-Volume 165:Issue 4(2018)***See ESTAR for full holdings.
=945  \\$aMARINE BIOLOGY -BERLIN- SPRINGER VERLAG-.
=959  \\$fHeld but not currently received
=979  \\$aBritish Library$bDSC$j5373.700000
=CAT  \\$a10902$b40$c20050123$lBLL01$h1611
=CAT  \\$aIPL-CLA$c20150331$lBLL01$h1638
=CAT  \\$aBATCH-UPD$b00$c20150520$lBLL01$h1750
=CAT  \\$aIPL-CLA$c20150630$lBLL01$h1646
=CAT  \\$aBATCH-UPD$b00$c20150820$lBLL01$h1837
=CAT  \\$aIPL-CLA$c20150930$lBLL01$h1806
=CAT  \\$aBATCH-UPD$b00$c20160217$lBLL01$h1727
=CAT  \\$aIPL-CLA$c20160331$lBLL01$h1726
=CAT  \\$aBATCH-UPD$b00$c20160524$lBLL01$h2210
=CAT  \\$aBATCH-UPD$b00$c20160525$lBLL01$h0019
=CAT  \\$aBATCH-UPD$b00$c20160824$lBLL01$h1755
=CAT  \\$aIPL-CLA$c20160930$lBLL01$h1603
=CAT  \\$aBATCH-UPD$b00$c20170216$lBLL01$h1843
=CAT  \\$aIPL-CLA$c20170331$lBLL01$h1844
=CAT  \\$aBATCH-UPD$b00$c20170904$lBLL01$h1851
=CAT  \\$aIPL-CLA$c20170929$lBLL01$h1728
=CAT  \\$aBATCH-UPD$b00$c20180223$lBLL01$h1720
=CAT  \\$aIPL-CLA$c20180331$lBLL01$h1620
=CAT  \\$aW1805-0475$c20180520$lBLL01$h1631
=CAT  \\$aBATCH-UPD$b00$c20180524$lBLL01$h1714
=CAT  \\$aIPL-CLA$c20180630$lBLL01$h1916
=CAT  \\$aW1908-0780$b00$c20200730$lBLL01$h1328
=CAT  \\$aCDS21$c20220118$lBLL01$h1105
=CAT  \\$aBATCH-UPD$b00$c20221121$lBLL01$h1400
=CAT  \\$a5410$b40$c20221208$lBLL01$h1309
=CAT  \\$aIPL-CLA$c20221231$lBLL01$h1445
=CFI  0\$aCurrent copyright fee: GBP29.95$c22\1$e01-jan-2023$fGBP29.95$g0$hP$5Uk
=CFI  2\$aPrevious copyright fee: GBP34.00$c22\1$e01-jul-2018$fGBP34.00$g0$hP$5Uk
=EST  \\$a1
=FFP  \\$aY$bBLDSS-3PM
=FIN  \\$aY$d20110809
=LKR  \\$aPAR$b011751700$lBLL01$r776$mMarine biology (Berlin. Internet)$nMarine biology
=MNI  \\$a0025-3162
=SID  \\$aZ39$bOCLC
=TCO  \\$aDEU$bVG WORT$c008
=TOC  \\$aETOC
=UNO  \\$aY
=ACF  \\$aPrevious copyright fee: GBP16.67$c22\3$e01-jan-2006$fGBP16.67$g0$hP$5Uk
=ACF  \\$aPrevious copyright fee: GBP16.22$c22\3$e01-apr-2005$fGBP16.22$g0$hP$5Uk
=ACF  \\$aPrevious copyright fee: GBP16.67$c22\3$e01-jan-2005$fGBP16.67$g0$hP$5Uk
=ACF  \\$aPrevious copyright fee: GBP17.14$c22\3$e01-apr-2006$fGBP17.14$g0$hP$5Uk
=ACF  \\$aPrevious copyright fee: GBP22.00$c22\3$e12-aug-2012$fGBP22.00$g0$hP$5Uk
=ACF  \\$aPrevious copyright fee: GBP25.00$c22\3$e01-jan-2013$fGBP25.00$g0$hP$5Uk
=ACF  \\$aPrevious copyright fee: GBP25.77$c22\3$e01-jul-2013$fGBP25.77$g0$hP$5Uk
=ACF  \\$aPrevious copyright fee: GBP24.97$c22\3$e01-jan-2014$fGBP24.97$g0$hP$5Uk
=ACF  \\$aPrevious copyright fee: GBP24.21$c22\3$e01-jul-2014$fGBP24.21$g0$hP$5Uk
=ACF  \\$aPrevious copyright fee: GBP25.77$c22\3$e01-apr-2015$fGBP25.77$g0$hP$5Uk
=ACF  \\$aPrevious copyright fee: GBP26.63$c22\3$e01-jul-2015$fGBP26.63$g0$hP$5Uk
=ACF  \\$aPrevious copyright fee: GBP25.77$c22\3$e01-oct-2015$fGBP25.77$g0$hP$5Uk
=ACF  \\$aPrevious copyright fee: GBP27.55$c22\3$e01-apr-2016$fGBP27.55$g0$hP$5Uk
=ACF  \\$aPrevious copyright fee: GBP29.59$c22\3$e01-oct-2016$fGBP29.59$g0$hP$5Uk
=ACF  \\$aPrevious copyright fee: GBP31.96$c22\3$e01-apr-2017$fGBP31.96$g0$hP$5Uk
=ACF  \\$aPrevious copyright fee: GBP30.73$c22\3$e01-oct-2017$fGBP30.73$g0$hP$5Uk
=ACF  \\$aPrevious copyright fee: GBP28.54$c22\3$e01-apr-2018$fGBP28.54$g0$hP$5Uk
=LAS  \\$aIPL-CLA$b00$c20221231$lBLL01$h1445

