=LDR  05717cas a2201261 a 4500
=001  013090618
=003  Uk
=005  20230506144953.0
=006  m\\\\\\\\d\\\\\\\\
=007  cr\cn|||||||||
=008  000222c19979999gw\qr\pss\\\\\0\\\a0eng\c
=FMT  \\$a  SE
=010  \\$a2006242037
=022  \\$a1364-6753$l1364-6745$y1364-6745
=035  \\$a(OCoLC)43498218
=040  \\$aGAT$cGAT$dOCLCQ$dMYG$dOCL$dOCLCQ$dHUL$dUk
=042  \\$apcc$aukblsr
=050  \4$aQP351$b.N43c
=082  04$a612.8$223
=130  0\$aNeurogenetics (Online)
=222  \0$aNeurogenetics$b(Oxford. Online)
=245  10$aNeurogenetics$h[electronic resource].
=260  \\$aCary, N.C. ;$aOxford :$bOxford University Press,$c1997-
=260  3\$aBerlin :$bSpringer
=310  \\$aQuarterly,$b2004-
=321  \\$aTwo or three issues yearly,$b1997-2003.
=336  \\$atext$2rdacontent
=337  \\$acomputer$2rdamedia
=338  \\$aonline resource$2rdacarrier
=362  0\$aVol. 1, no. 1 (May 1997)-
=500  \\$aFour issues per volume.
=500  \\$aTitle from journal information screen (SpringerLink, viewed Apr. 18, 2006).
=500  \\$aLatest issue consulted: Vol. 12, no. 3 (Aug. 2011) (SpringerLink, viewed 31 Aug. 2011)..
=530  \\$aAlso issued in print.
=538  \\$aMode of access: World Wide Web.
=540  \\$aCurrent copyright fee: GBP34.95$c22\1$5Uk
=650  \0$aNervous system$vPeriodicals.
=650  \0$aNeurogenetics$vPeriodicals.
=650  \0$aNeurophysiology$vPeriodicals.
=650  12$aNervous System Diseases$xgenetics$vPeriodicals.
=650  22$aNervous System Physiological Phenomena$vPeriodicals.
=776  1\$tNeurogenetics (Oxford, England)$x1364-6745
=856  \\$31850-9999$uhttp://www.springer.com/gb/$xBLDSS
=856  40$uhttp://www.springerlink.com/content/101172/
=856  40$uhttp://www.springerlink.com/openurl.asp?genre=journal&issn=1364-6745
=859  \\$aXLD$bejournal
=852  \\$aBritish Library$bDSC$j6081.371550$3Volume 3:Issue 2(2001)-Volume 19:Issue 1(2018)***See ESTAR for full holdings.
=945  \\$aNEUROGENETICS -OXFORD THEN BERLIN-.
=959  \\$fHeld but not currently received
=979  \\$aBritish Library$bDSC$j6081.371550
=985  \\$aResponsibility for ISSN transferred to ISSN Germany, 13.09.11
=CAT  \\$a7174$b40$c20050124$lBLL01$h1548
=CAT  \\$aBATCH-UPD$b00$c20150520$lBLL01$h1750
=CAT  \\$aIPL-CLA$c20150630$lBLL01$h1646
=CAT  \\$aBATCH-UPD$b00$c20150820$lBLL01$h1837
=CAT  \\$aIPL-CLA$c20150930$lBLL01$h1806
=CAT  \\$aBATCH-UPD$b00$c20160217$lBLL01$h1727
=CAT  \\$aIPL-CLA$c20160331$lBLL01$h1727
=CAT  \\$aBATCH-UPD$b00$c20160524$lBLL01$h2210
=CAT  \\$aBATCH-UPD$b00$c20160525$lBLL01$h0019
=CAT  \\$aBATCH-UPD$b00$c20160824$lBLL01$h1755
=CAT  \\$aIPL-CLA$c20160930$lBLL01$h1603
=CAT  \\$aBATCH-UPD$b00$c20170216$lBLL01$h1843
=CAT  \\$aIPL-CLA$c20170331$lBLL01$h1844
=CAT  \\$aBATCH-UPD$b00$c20170904$lBLL01$h1851
=CAT  \\$aIPL-CLA$c20170929$lBLL01$h1728
=CAT  \\$aBATCH-UPD$b00$c20180223$lBLL01$h1720
=CAT  \\$aIPL-CLA$c20180331$lBLL01$h1620
=CAT  \\$aW1805-0475$c20180520$lBLL01$h1631
=CAT  \\$aBATCH-UPD$b00$c20180524$lBLL01$h1714
=CAT  \\$aIPL-CLA$c20180630$lBLL01$h1916
=CAT  \\$aW1908-0780$b00$c20200730$lBLL01$h1328
=CAT  \\$a5552$b40$c20210824$lBLL01$h0827
=CAT  \\$aIPL-CLA$c20210930$lBLL01$h1528
=CAT  \\$aCDS21$c20220118$lBLL01$h1105
=CAT  \\$aBATCH-UPD$b00$c20221121$lBLL01$h1411
=CAT  \\$aIPL-CLA$c20221231$lBLL01$h1445
=CAT  \\$a5410$b40$c20230506$lBLL01$h1449
=CFI  0\$aCurrent copyright fee: GBP34.95$c22\1$e01-jan-2023$fGBP34.95$g0$hP$5Uk
=CFI  2\$aPrevious copyright fee: GBP43.00$c22\1$e01-oct-2021$fGBP43.00$g0$hP$5Uk
=EST  \\$a1
=FFP  \\$aY$bBLDSS-3PM
=FIN  \\$aY$d20110831
=LKR  \\$aPAR$b012420065$lBLL01$r776$mNeurogenetics (Online)$nNeurogenetics (Oxford. Print)
=MNI  \\$a1364-6745
=SID  \\$aZ39$bOCLC
=TCO  \\$aDEU$bVG WORT$c008
=TOC  \\$aETOC
=UNO  \\$aY
=ACF  \\$aPrevious copyright fee: GBP16.67$c22\3$e01-jan-2006$fGBP16.67$g0$hP$5Uk
=ACF  \\$aPrevious copyright fee: GBP16.22$c22\3$e01-apr-2005$fGBP16.22$g0$hP$5Uk
=ACF  \\$aPrevious copyright fee: GBP16.67$c22\3$e01-jan-2005$fGBP16.67$g0$hP$5Uk
=ACF  \\$aPrevious copyright fee: GBP17.14$c22\3$e01-apr-2006$fGBP17.14$g0$hP$5Uk
=ACF  \\$aPrevious copyright fee: GBP22.00$c22\3$e12-aug-2012$fGBP22.00$g0$hP$5Uk
=ACF  \\$aPrevious copyright fee: GBP25.00$c22\3$e01-jan-2013$fGBP25.00$g0$hP$5Uk
=ACF  \\$aPrevious copyright fee: GBP25.77$c22\3$e01-jul-2013$fGBP25.77$g0$hP$5Uk
=ACF  \\$aPrevious copyright fee: GBP24.97$c22\3$e01-jan-2014$fGBP24.97$g0$hP$5Uk
=ACF  \\$aPrevious copyright fee: GBP24.21$c22\3$e01-jul-2014$fGBP24.21$g0$hP$5Uk
=ACF  \\$aPrevious copyright fee: GBP25.77$c22\3$e01-apr-2015$fGBP25.77$g0$hP$5Uk
=ACF  \\$aPrevious copyright fee: GBP26.63$c22\3$e01-jul-2015$fGBP26.63$g0$hP$5Uk
=ACF  \\$aPrevious copyright fee: GBP25.77$c22\3$e01-oct-2015$fGBP25.77$g0$hP$5Uk
=ACF  \\$aPrevious copyright fee: GBP27.55$c22\3$e01-apr-2016$fGBP27.55$g0$hP$5Uk
=ACF  \\$aPrevious copyright fee: GBP29.59$c22\3$e01-oct-2016$fGBP29.59$g0$hP$5Uk
=ACF  \\$aPrevious copyright fee: GBP31.96$c22\3$e01-apr-2017$fGBP31.96$g0$hP$5Uk
=ACF  \\$aPrevious copyright fee: GBP30.73$c22\3$e01-oct-2017$fGBP30.73$g0$hP$5Uk
=ACF  \\$aPrevious copyright fee: GBP28.54$c22\3$e01-apr-2018$fGBP28.54$g0$hP$5Uk
=ACF  \\$aPrevious copyright fee: GBP34.00$c22\1$e01-jul-2018$fGBP34.00$g0$hP$5Uk
=LAS  \\$a5410$b40$c20230506$lBLL01$h1449

