=LDR  05383cas a2201189 a 4500
=001  013091706
=003  Uk
=005  20230429114243.0
=006  m\\\\\\\\d\\\\\\\\
=007  cr\cn|||||||||
=008  030311c20039999nyuqr\pss\\\\\0\\\\0eng\c
=FMT  \\$a  SE
=010  \\$a2008233897
=022  0\$a1610-3661$y1610-3653
=035  \\$a(OCoLC)51832105$z(OCoLC)75285677
=040  \\$aOUN$cOUN$dOCLCQ$dCGU$dNSD$dOCL$dGUA$dOCLCQ$dUk
=042  \\$apcc$aukblsr
=050  14$aTD193
=082  04$a333.7$223
=130  0\$aEnvironmental chemistry letters (Online)
=210  0\$aEnviron. chem. lett.$b(Internet)
=222  \0$aEnvironmental chemistry letters$b(Internet)
=245  10$aEnvironmental chemistry letters$h[electronic resource].
=260  \\$aBerlin :$bSpringer,$c2003-
=310  \\$aQuarterly
=336  \\$atext$2rdacontent
=337  \\$acomputer$2rdamedia
=338  \\$aonline resource$2rdacarrier
=362  1\$aBegan with vol. 1, no. 1 (Mar. 2003).
=500  \\$aDescription based on first issue; title from contents screen (SpringerLink, viewed May 29, 2008).
=500  \\$aLatest issue consulted: vol. 9, no. 2 (June 2011).
=530  \\$aAlso issued in print.
=538  \\$aMode of access: World Wide Web.
=540  \\$aCurrent copyright fee: GBP29.95$c22\1$5Uk
=650  \0$aEnvironmental chemistry$vPeriodicals.
=776  1\$tEnvironmental chemistry letters$x1610-3653
=856  \\$31850-9999$uhttp://www.springer.com/gb/$xBLDSS
=856  40$uhttp://link.springer.de/link/service/journals/10311/
=856  40$uhttp://www.metapress.com/link.asp?id=110367
=856  40$uhttp://www.springerlink.com/content/1610-3653
=856  40$uhttp://www.springerlink.com/link.asp?id=110367
=859  \\$aXLD$bejournal
=852  41$aBritish Library$bDSC$j3791.411700$3Volume 2:Issue 3(2005)-Volume 16:Issue 1(2018)***See ESTAR for full holdings.
=945  \\$aEnvironmental chemistry letters
=959  \\$fHeld but not currently received
=979  \\$aBritish Library$bDSC$j3791.411700
=CAT  \\$a5552$b40$c20050125$lBLL01$h1536
=CAT  \\$aIPL-CLA$c20150331$lBLL01$h1638
=CAT  \\$aBATCH-UPD$b00$c20150520$lBLL01$h1750
=CAT  \\$aIPL-CLA$c20150630$lBLL01$h1646
=CAT  \\$aBATCH-UPD$b00$c20150820$lBLL01$h1837
=CAT  \\$aIPL-CLA$c20150930$lBLL01$h1806
=CAT  \\$aBATCH-UPD$b00$c20160217$lBLL01$h1727
=CAT  \\$aIPL-CLA$c20160331$lBLL01$h1727
=CAT  \\$aBATCH-UPD$b00$c20160520$lBLL01$h0843
=CAT  \\$aBATCH-UPD$b00$c20160524$lBLL01$h2210
=CAT  \\$aBATCH-UPD$b00$c20160824$lBLL01$h1755
=CAT  \\$aIPL-CLA$c20160930$lBLL01$h1603
=CAT  \\$aBATCH-UPD$b00$c20170216$lBLL01$h1843
=CAT  \\$aIPL-CLA$c20170331$lBLL01$h1844
=CAT  \\$aBATCH-UPD$b00$c20170904$lBLL01$h1851
=CAT  \\$aIPL-CLA$c20170929$lBLL01$h1728
=CAT  \\$aBATCH-UPD$b00$c20180223$lBLL01$h1720
=CAT  \\$aIPL-CLA$c20180331$lBLL01$h1620
=CAT  \\$aW1805-0475$c20180520$lBLL01$h1631
=CAT  \\$aBATCH-UPD$b00$c20180524$lBLL01$h1714
=CAT  \\$aIPL-CLA$c20180630$lBLL01$h1916
=CAT  \\$aW1908-0780$b00$c20200730$lBLL01$h1328
=CAT  \\$aCDS21$c20220118$lBLL01$h1105
=CAT  \\$aBATCH-UPD$b00$c20221121$lBLL01$h1400
=CAT  \\$aIPL-CLA$c20221231$lBLL01$h1445
=CAT  \\$a5410$b40$c20230429$lBLL01$h1142
=CFI  0\$aCurrent copyright fee: GBP29.95$c22\1$e01-jan-2023$fGBP29.95$g0$hP$5Uk
=CFI  2\$aPrevious copyright fee: GBP34.00$c22\1$e01-jul-2018$fGBP34.00$g0$hP$5Uk
=EST  \\$a1
=FFP  \\$aY$bBLDSS-3PM
=FIN  \\$aY$d20110802
=LKR  \\$aPAR$b011482958$lBLL01$r776$mEnvironmental chemistry letters (Internet)$nEnvironmental chemistry letters (Print)
=MNI  \\$a1610-3653
=SID  \\$aZ39$bOCLC
=TCO  \\$aTRS$bCCC$c008
=TCO  \\$aDEU$bVG WORT$c008
=TOC  \\$aETOC
=UNO  \\$aY
=ACF  \\$aPrevious copyright fee: GBP16.67$c22\3$e01-jan-2006$fGBP16.67$g0$hP$5Uk
=ACF  \\$aPrevious copyright fee: GBP16.22$c22\3$e01-apr-2005$fGBP16.22$g0$hP$5Uk
=ACF  \\$aPrevious copyright fee: GBP16.67$c22\3$e01-jan-2005$fGBP16.67$g0$hP$5Uk
=ACF  \\$aPrevious copyright fee: GBP17.14$c22\3$e01-apr-2006$fGBP17.14$g0$hP$5Uk
=ACF  \\$aPrevious copyright fee: GBP22.00$c22\3$e12-aug-2012$fGBP22.00$g0$hP$5Uk
=ACF  \\$aPrevious copyright fee: GBP25.00$c22\3$e01-jan-2013$fGBP25.00$g0$hP$5Uk
=ACF  \\$aPrevious copyright fee: GBP25.77$c22\3$e01-jul-2013$fGBP25.77$g0$hP$5Uk
=ACF  \\$aPrevious copyright fee: GBP24.97$c22\3$e01-jan-2014$fGBP24.97$g0$hP$5Uk
=ACF  \\$aPrevious copyright fee: GBP24.21$c22\3$e01-jul-2014$fGBP24.21$g0$hP$5Uk
=ACF  \\$aPrevious copyright fee: GBP25.77$c22\3$e01-apr-2015$fGBP25.77$g0$hP$5Uk
=ACF  \\$aPrevious copyright fee: GBP26.63$c22\3$e01-jul-2015$fGBP26.63$g0$hP$5Uk
=ACF  \\$aPrevious copyright fee: GBP25.77$c22\3$e01-oct-2015$fGBP25.77$g0$hP$5Uk
=ACF  \\$aPrevious copyright fee: GBP27.55$c22\3$e01-apr-2016$fGBP27.55$g0$hP$5Uk
=ACF  \\$aPrevious copyright fee: GBP29.59$c22\3$e01-oct-2016$fGBP29.59$g0$hP$5Uk
=ACF  \\$aPrevious copyright fee: GBP31.96$c22\3$e01-apr-2017$fGBP31.96$g0$hP$5Uk
=ACF  \\$aPrevious copyright fee: GBP30.73$c22\3$e01-oct-2017$fGBP30.73$g0$hP$5Uk
=ACF  \\$aPrevious copyright fee: GBP28.54$c22\3$e01-apr-2018$fGBP28.54$g0$hP$5Uk
=LAS  \\$a5410$b40$c20230429$lBLL01$h1142

