=LDR  06382cas a2201309 a 4500
=001  013096557
=003  Uk
=005  20221231144602.0
=006  m\\\\\\\\d\\\\\\\\
=007  cr\cnu||||||||
=008  000222d19732005gw\mr\pso\\\\\0\\\b0ger\d
=FMT  \\$a  SE
=010  \\$a00227319
=022  0\$a1435-1285$l0300-5860$y0300-5860
=035  \\$a(OCoLC)43497881
=040  \\$aGAT$cGAT$dEYM$dOCLCQ$dMUQ$dIXA$dOCLCQ$dTXA$dOCLCQ$dUk
=042  \\$aukblsr
=050  \4$aRD681.A1$b.Z44c
=082  04$a616.12005$223
=130  0\$aZeitschrift für Kardiologie (Online)
=222  \0$aZeitschrift für Kardiologie$b(Online)
=245  10$aZeitschrift für Kardiologie$h[electronic resource] =$bGerman journal of cardiology.
=246  30$aKardiologie
=246  31$aGerman journal of cardiology
=260  \\$aDarmstadt :$bSteinkopff
=260  3\$a[Berlin?] :$bSpringer Science + Media
=336  \\$atext$2rdacontent
=337  \\$acomputer$2rdamedia
=338  \\$aonline resource$2rdacarrier
=362  0\$a-Bd. 94, Nr. 12 (Dez. 2005).
=362  1\$aPrint began in 1973.
=500  \\$aDescription based on: Vol. 87, issue 1 (1998); title from title screen (viewed Feb. 22, 2000).
=530  \\$aAlso issued in print.
=546  \\$aSummaries in English.
=550  \\$aOrgan der Deutschen Gesellschaft für Kardiologie - Herz- und Kreislaufforschung e.V. und der Sektion Kardiologie im Berufsverband Deutscher Internisten e.V. in Zusammenarbeit mit der Arbeitsgemeinschaft leitender Krankenhauskardiologen und der Deutschen Gesellschaft für Pädiatrische Kardiologie.
=540  \\$aCurrent copyright fee: GBP29.95$c22\1$5Uk
=650  \0$aCardiology$vPeriodicals.
=650  \0$aCardiovascular system$xSurgery$vPeriodicals.
=650  \6$aCardiologie$vPériodiques.
=650  \6$aAppareil cardiovasculaire$xChirurgie$vPériodiques.
=785  00$tClinical research in cardiology$x1861-0684
=710  2\$aDeutsche Gesellschaft für Kardiologie - Herz- und Kreislaufforschung.
=710  2\$aBerufsverband Deutscher Internisten.$bSektion Kardiologie.
=710  2\$aDeutsche Gesellschaft für Pädiatrische Kardiologie.
=776  1\$tZeitschrift für Kardiologie$x0300-5860
=785  00$tClinical research in cardiology (Online)$x1861-0692
=856  \\$31850-9999$uhttp://www.springer.com/gb/$xBLDSS
=856  40$uhttp://link.springer-ny.com/link/service/journals/00392/index.htm
=859  \\$aXLD$bejournal
=852  \\$aBritish Library$bDSC$j9467.430000$3Volume 87:Issue 5(1998)-Volume 94:Issue 12(2005)***See ESTAR for full holdings.
=945  \\$aZeitschrift für kardiologie
=959  \\$fHeld but not currently received
=CAT  \\$a7174$b40$c20050128$lBLL01$h1716
=CAT  \\$aBATCH-UPD$b00$c20150103$lBLL01$h1305
=CAT  \\$aBATCH-UPD$b00$c20150219$lBLL01$h1813
=CAT  \\$aIPL-CLA$c20150331$lBLL01$h1638
=CAT  \\$aBATCH-UPD$b00$c20150520$lBLL01$h1811
=CAT  \\$aIPL-CLA$c20150630$lBLL01$h1646
=CAT  \\$aBATCH-UPD$b00$c20150820$lBLL01$h1855
=CAT  \\$aIPL-CLA$c20150930$lBLL01$h1806
=CAT  \\$aBATCH-UPD$b00$c20160217$lBLL01$h1748
=CAT  \\$aIPL-CLA$c20160331$lBLL01$h1727
=CAT  \\$aBATCH-UPD$b00$c20160524$lBLL01$h2210
=CAT  \\$aBATCH-UPD$b00$c20160525$lBLL01$h0020
=CAT  \\$aBATCH-UPD$b00$c20160824$lBLL01$h1815
=CAT  \\$aIPL-CLA$c20160930$lBLL01$h1603
=CAT  \\$aBATCH-UPD$b00$c20170216$lBLL01$h1904
=CAT  \\$aIPL-CLA$c20170331$lBLL01$h1844
=CAT  \\$aBATCH-UPD$b00$c20170904$lBLL01$h1916
=CAT  \\$aIPL-CLA$c20170929$lBLL01$h1729
=CAT  \\$aBATCH-UPD$b00$c20180223$lBLL01$h1747
=CAT  \\$aIPL-CLA$c20180331$lBLL01$h1620
=CAT  \\$aBATCH-UPD$b00$c20180524$lBLL01$h1733
=CAT  \\$aIPL-CLA$c20180630$lBLL01$h1916
=CAT  \\$aW1908-0780$b00$c20200730$lBLL01$h1328
=CAT  \\$aCDS21$c20220118$lBLL01$h1105
=CAT  \\$aBATCH-UPD$b00$c20221121$lBLL01$h1400
=CAT  \\$aIPL-CLA$c20221231$lBLL01$h1446
=CFI  0\$aCurrent copyright fee: GBP29.95$c22\1$e01-jan-2023$fGBP29.95$g0$hP$5Uk
=CFI  2\$aPrevious copyright fee: GBP34.00$c22\1$e01-jul-2018$fGBP34.00$g0$hP$5Uk
=EST  \\$a1
=FFP  \\$aY$bBLDSS-3PM
=FIN  \\$aY$d20120320
=LKR  \\$aPAR$b012429282$lBLL01$r776$mZeitschrift für kardiologie (Online)$nZeitschrift für kardiologie (Print)
=MNI  \\$a0300-5860
=SID  \\$aZ39$bOCLC
=TCO  \\$aZZZ$c008
=TCO  \\$aDEU$bVG WORT$c008
=TOC  \\$aETOC
=UNO  \\$aY
=ACF  \\$aPrevious copyright fee: GBP21.25$c23\7$e01-jan-2009$fGBP21.25$g0$hP$5Uk
=ACF  \\$aPrevious copyright fee: GBP16.75$c23\7$e01-jan-2007$fGBP16.75$g0$hP$5Uk
=ACF  \\$aPrevious copyright fee: GBP16.22$c23\7$e01-oct-2006$fGBP16.22$g0$hP$5Uk
=ACF  \\$aPrevious Copyright Fee: GBP17.14$c23\7$e01-apr-2006$fGBP17.14$g0$hP$5Uk
=ACF  \\$aPrevious Copyright Fee: GBP16.67$c23\7$e01-jan-2006$fGBP16.67$g0$hP$5Uk
=ACF  \\$aPrevious copyright fee: GBP16.22$c23\7$e01-apr-2005$fGBP16.22$g0$hP$5Uk
=ACF  \\$aPrevious copyright fee: GBP16.67$c23\7$e01-jan-2005$fGBP16.67$g0$hP$5Uk
=ACF  \\$aPrevious copyright fee: GBP22.00$c23\7$e01-apr-2009$fGBP22.00$g0$hP$5Uk
=ACF  \\$aPrevious copyright fee: GBP22.00$c23\7$e12-aug-2012$fGBP22.00$g0$hP$5Uk
=ACF  \\$aPrevious copyright fee: GBP25.00$c23\7$e01-jan-2013$fGBP25.00$g0$hP$5Uk
=ACF  \\$aPrevious copyright fee: GBP25.77$c23\7$e01-jul-2013$fGBP25.77$g0$hP$5Uk
=ACF  \\$aPrevious copyright fee: GBP24.97$c23\7$e01-jan-2014$fGBP24.97$g0$hP$5Uk
=ACF  \\$aPrevious copyright fee: GBP24.21$c23\7$e01-jul-2014$fGBP24.21$g0$hP$5Uk
=ACF  \\$aPrevious copyright fee: GBP25.77$c23\7$e01-apr-2015$fGBP25.77$g0$hP$5Uk
=ACF  \\$aPrevious copyright fee: GBP26.63$c23\7$e01-jul-2015$fGBP26.63$g0$hP$5Uk
=ACF  \\$aPrevious copyright fee: GBP25.77$c23\7$e01-oct-2015$fGBP25.77$g0$hP$5Uk
=ACF  \\$aPrevious copyright fee: GBP27.55$c23\7$e01-apr-2016$fGBP27.55$g0$hP$5Uk
=ACF  \\$aPrevious copyright fee: GBP29.59$c23\7$e01-oct-2016$fGBP29.59$g0$hP$5Uk
=ACF  \\$aPrevious copyright fee: GBP31.96$c23\7$e01-apr-2017$fGBP31.96$g0$hP$5Uk
=ACF  \\$aPrevious copyright fee: GBP30.73$c23\7$e01-oct-2017$fGBP30.73$g0$hP$5Uk
=ACF  \\$aPrevious copyright fee: GBP28.54$c23\7$e01-apr-2018$fGBP28.54$g0$hP$5Uk
=LAS  \\$aIPL-CLA$b00$c20221231$lBLL01$h1446

