=LDR  05368cas a2201189 a 4500
=001  013103929
=003  Uk
=005  20221231144606.0
=006  m\\\\\\\\d\\\\\\\\
=007  cr\cnu||||||||
=008  000222c19859999gw\mr\pso\\\\\0\\\b0ger\c
=FMT  \\$a  SE
=010  \\$a2008233231
=022  0\$a1433-044X$l0177-5537$y0177-5537
=035  \\$a(OCoLC)43496873
=040  \\$aGAT$cGAT$dOCLCQ$dMUQ$dCGU$dGUA$dOCLCQ$dUk
=042  \\$aukblsr
=050  14$aR51
=082  04$a617.1$223
=130  0\$aUnfallchirurg (Online)
=222  \0$aUnfallchirurg$b(Berlin. Internet)
=245  14$aDer Unfallchirurg$h[electronic resource].
=260  \\$aBerlin :$bSpringer
=310  \\$aMonthly
=336  \\$atext$2rdacontent
=337  \\$acomputer$2rdamedia
=338  \\$aonline resource$2rdacarrier
=362  1\$aPrint began with Jahrg. 88, Heft 1 (Jan. 1985).
=588  \\$aDescription based on: Vol. 99, issue 9 (1996); title from title screen (viewed Feb. 21, 2000).
=588  \\$aLatest issue consulted: Vol. 114, no. 10 (Oct. 2011) (SpringerLink, viewed Oct. 18, 2011).
=538  \\$aMode of access: World Wide Web.
=550  \\$aOrgan of the Deutsche Gesellschaft für Unfallheilkunde.
=540  \\$aCurrent copyright fee: GBP34.95$c22\1$5Uk
=650  \0$aWounds and injuries$xSurgery$vPeriodicals.
=710  2\$aDeutsche Gesellschaft für Unfallheilkunde.
=776  08$iPrint version:$tUnfallchirurg$x0177-5537
=856  \\$31850-9999$uhttp://www.springer.com/gb/$xBLDSS
=856  40$uhttp://www.metapress.com/link.asp?id=100488
=856  40$uhttp://www.springerlink.com/content/0177-5537/
=856  40$uhttp://www.springerlink.com/content/100488/
=859  \\$aXLD$bejournal
=852  41$aBritish Library$bDSC$j9090.235280$3Volume 100:Issue 7(1997)-Volume 121:Issue 3(2018)***See ESTAR for full holdings.
=945  \\$aUNFALLCHIRURG
=959  \\$fHeld but not currently received
=979  \\$aBritish Library$bDSC$j9090.235280
=CAT  \\$a8335$b40$c20050207$lBLL01$h1039
=CAT  \\$aIPL-CLA$c20150630$lBLL01$h1646
=CAT  \\$aBATCH-UPD$b00$c20150820$lBLL01$h1837
=CAT  \\$aIPL-CLA$c20150930$lBLL01$h1806
=CAT  \\$aBATCH-UPD$b00$c20160217$lBLL01$h1727
=CAT  \\$aIPL-CLA$c20160331$lBLL01$h1727
=CAT  \\$aBATCH-UPD$b00$c20160524$lBLL01$h2210
=CAT  \\$aBATCH-UPD$b00$c20160525$lBLL01$h0021
=CAT  \\$aBATCH-UPD$b00$c20160824$lBLL01$h1755
=CAT  \\$aIPL-CLA$c20160930$lBLL01$h1603
=CAT  \\$aBATCH-UPD$b00$c20170216$lBLL01$h1843
=CAT  \\$aIPL-CLA$c20170331$lBLL01$h1844
=CAT  \\$aBATCH-UPD$b00$c20170904$lBLL01$h1851
=CAT  \\$aIPL-CLA$c20170929$lBLL01$h1729
=CAT  \\$aBATCH-UPD$b00$c20180223$lBLL01$h1720
=CAT  \\$aIPL-CLA$c20180331$lBLL01$h1620
=CAT  \\$aW1805-0475$c20180520$lBLL01$h1632
=CAT  \\$aBATCH-UPD$b00$c20180524$lBLL01$h1714
=CAT  \\$aIPL-CLA$c20180630$lBLL01$h1916
=CAT  \\$aW1908-0780$b00$c20200730$lBLL01$h1329
=CAT  \\$a5552$b40$c20210824$lBLL01$h1425
=CAT  \\$aIPL-CLA$c20210930$lBLL01$h1528
=CAT  \\$aCDS21$c20220118$lBLL01$h1105
=CAT  \\$aBATCH-UPD$b00$c20221121$lBLL01$h1411
=CAT  \\$a5410$b40$c20221214$lBLL01$h0822
=CAT  \\$aIPL-CLA$c20221231$lBLL01$h1446
=CFI  0\$aCurrent copyright fee: GBP34.95$c22\1$e01-jan-2023$fGBP34.95$g0$hP$5Uk
=CFI  2\$aPrevious copyright fee: GBP43.00$c22\1$e01-oct-2021$fGBP43.00$g0$hP$5Uk
=EST  \\$a1
=FFP  \\$aY$bBLDSS-3PM
=FIN  \\$aY$d20111018
=LKR  \\$aPAR$b011146653$lBLL01$r776$mUnfallchirurg (Online)$nUnfallchirurg (Print)
=MNI  \\$a0177-5537
=SID  \\$aZ39$bOCLC
=TCO  \\$aZZZ$c008
=TCO  \\$aDEU$bVG WORT$c008
=TOC  \\$aETOC
=UNO  \\$aY
=ACF  \\$aPrevious copyright fee: GBP16.67$c22\3$e01-jan-2006$fGBP16.67$g0$hP$5Uk
=ACF  \\$aPrevious copyright fee: GBP16.22$c22\3$e01-apr-2005$fGBP16.22$g0$hP$5Uk
=ACF  \\$aPrevious copyright fee: GBP16.67$c22\3$e01-jan-2005$fGBP16.67$g0$hP$5Uk
=ACF  \\$aPrevious copyright fee: GBP17.14$c22\3$e01-apr-2006$fGBP17.14$g0$hP$5Uk
=ACF  \\$aPrevious copyright fee: GBP22.00$c22\3$e12-aug-2012$fGBP22.00$g0$hP$5Uk
=ACF  \\$aPrevious copyright fee: GBP25.00$c22\3$e01-jan-2013$fGBP25.00$g0$hP$5Uk
=ACF  \\$aPrevious copyright fee: GBP25.77$c22\3$e01-jul-2013$fGBP25.77$g0$hP$5Uk
=ACF  \\$aPrevious copyright fee: GBP24.97$c22\3$e01-jan-2014$fGBP24.97$g0$hP$5Uk
=ACF  \\$aPrevious copyright fee: GBP24.21$c22\3$e01-jul-2014$fGBP24.21$g0$hP$5Uk
=ACF  \\$aPrevious copyright fee: GBP25.77$c22\3$e01-apr-2015$fGBP25.77$g0$hP$5Uk
=ACF  \\$aPrevious copyright fee: GBP26.63$c22\3$e01-jul-2015$fGBP26.63$g0$hP$5Uk
=ACF  \\$aPrevious copyright fee: GBP25.77$c22\3$e01-oct-2015$fGBP25.77$g0$hP$5Uk
=ACF  \\$aPrevious copyright fee: GBP27.55$c22\3$e01-apr-2016$fGBP27.55$g0$hP$5Uk
=ACF  \\$aPrevious copyright fee: GBP29.59$c22\3$e01-oct-2016$fGBP29.59$g0$hP$5Uk
=ACF  \\$aPrevious copyright fee: GBP31.96$c22\3$e01-apr-2017$fGBP31.96$g0$hP$5Uk
=ACF  \\$aPrevious copyright fee: GBP30.73$c22\3$e01-oct-2017$fGBP30.73$g0$hP$5Uk
=ACF  \\$aPrevious copyright fee: GBP28.54$c22\3$e01-apr-2018$fGBP28.54$g0$hP$5Uk
=ACF  \\$aPrevious copyright fee: GBP34.00$c22\1$e01-jul-2018$fGBP34.00$g0$hP$5Uk
=LAS  \\$aIPL-CLA$b00$c20221231$lBLL01$h1446

