=LDR  05529cas a2201189 a 4500
=001  013111472
=003  Uk
=005  20230425083137.0
=006  m\\\\\\\\d\\\\\\\\
=007  cr\|||||||||||
=008  050215c19849999gw\mr\poo\\\\\0\\\a0eng\\
=FMT  \\$a  SE
=022  0\$a1432-1017
=040  \\$aUk$beng$cUk
=042  \\$aukblsr
=082  04$a571.405$223
=130  0\$aEuropean biophysics journal (Online)
=210  0\$aEur. biophys. j.$b(Internet)
=222  \0$aEuropean biophysics journal$b(Internet)
=245  10$aEuropean biophysics journal$h[electronic resource].
=246  30$aEBJ
=246  13$aEuropean biophysics journal with biophysics letters,$f1996-
=260  \\$aBerlin :$bSpringer Science + Media
=310  \\$aMonthly,$bv. 39 (2010)-
=321  \\$aEight no. per volume,$bv. 28-v. 38
=321  \\$aSix no. per volume,$b<v. 25>-v. 27
=336  \\$atext$2rdacontent
=337  \\$acomputer$2rdamedia
=338  \\$aonline resource$2rdacarrier
=500  \\$aFrom 1996- has subtitle: with biophysics letters.
=588  \\$aDescription based on: Vol. 11, no. 1 (July 1984); title from table of contents page (SpringerLink, viewed Apr. 24, 2012).
=588  \\$aLatest issue consulted: Vol. 41, no. 5 (May 2012) (viewed Apr. 24, 2012).
=580  \\$aIncludes issues of earlier title: Biophysics of structure and mechanism.
=550  \\$aPublished on behalf of the European Biophysical Societies Association.
=540  \\$aCurrent copyright fee: GBP29.95$c22\1$5Uk
=650  \0$aBiophysics$vPeriodicals.
=710  2\$aEuropean Biophysical Societies Association.
=776  08$iPrint version:$tEuropean biophysics journal$x0175-7571
=780  10$tBiophysics of structure and mechanism (Online)
=856  \\$31850-9999$uhttp://www.springer.com/gb/$xBLDSS
=856  40$uhttp://www.springerlink.com/content/0175-7571/
=859  \\$aXLD$bejournal
=852  41$aBritish Library$bDSC$j3829.489400$3Volume 29:Issue 7(2000)-Volume 47:Issue 3(2018)***See ESTAR for full holdings.
=945  \\$aEuropean biophysics journal
=959  \\$fHeld but not currently received
=979  \\$aBritish Library$bDSC$j3829.489400
=CAT  \\$a5552$b40$c20050215$lBLL01$h1334
=CAT  \\$aBATCH-UPD$b00$c20150219$lBLL01$h1742
=CAT  \\$aIPL-CLA$c20150331$lBLL01$h1639
=CAT  \\$aBATCH-UPD$b00$c20150520$lBLL01$h1750
=CAT  \\$aIPL-CLA$c20150630$lBLL01$h1646
=CAT  \\$aBATCH-UPD$b00$c20150820$lBLL01$h1837
=CAT  \\$aIPL-CLA$c20150930$lBLL01$h1806
=CAT  \\$aBATCH-UPD$b00$c20160217$lBLL01$h1727
=CAT  \\$aIPL-CLA$c20160331$lBLL01$h1727
=CAT  \\$aBATCH-UPD$b00$c20160524$lBLL01$h2210
=CAT  \\$aBATCH-UPD$b00$c20160525$lBLL01$h0021
=CAT  \\$aBATCH-UPD$b00$c20160824$lBLL01$h1755
=CAT  \\$aIPL-CLA$c20160930$lBLL01$h1603
=CAT  \\$aBATCH-UPD$b00$c20170216$lBLL01$h1843
=CAT  \\$aIPL-CLA$c20170331$lBLL01$h1844
=CAT  \\$aBATCH-UPD$b00$c20170904$lBLL01$h1852
=CAT  \\$aIPL-CLA$c20170929$lBLL01$h1729
=CAT  \\$aBATCH-UPD$b00$c20180223$lBLL01$h1720
=CAT  \\$aIPL-CLA$c20180331$lBLL01$h1620
=CAT  \\$aW1805-0475$c20180520$lBLL01$h1632
=CAT  \\$aBATCH-UPD$b00$c20180524$lBLL01$h1714
=CAT  \\$aIPL-CLA$c20180630$lBLL01$h1916
=CAT  \\$aW1908-0780$b00$c20200730$lBLL01$h1329
=CAT  \\$aCDS21$c20220118$lBLL01$h1105
=CAT  \\$aBATCH-UPD$b00$c20221121$lBLL01$h1400
=CAT  \\$aIPL-CLA$c20221231$lBLL01$h1446
=CAT  \\$a5410$b40$c20230425$lBLL01$h0831
=CFI  0\$aCurrent copyright fee: GBP29.95$c22\1$e01-jan-2023$fGBP29.95$g0$hP$5Uk
=CFI  2\$aPrevious copyright fee: GBP34.00$c22\1$e01-jul-2018$fGBP34.00$g0$hP$5Uk
=EST  \\$a1
=FFP  \\$aY$bBLDSS-3PM
=FIN  \\$aY$d20120424
=LKR  \\$aPAR$b007858087$lBLL01$r776$mEuropean biophysics journal (Online)$nEuropean biophysics journal (Print)
=MNI  \\$a0175-7571
=TCO  \\$aZZZ$c008
=TCO  \\$aDEU$bVG WORT$c008
=TOC  \\$aETOC
=UNO  \\$aY
=ACF  \\$aPrevious copyright fee: GBP16.67$c22\3$e01-jan-2006$fGBP16.67$g0$hP$5Uk
=ACF  \\$aPrevious copyright fee: GBP16.22$c22\3$e01-apr-2005$fGBP16.22$g0$hP$5Uk
=ACF  \\$aPrevious copyright fee: GBP16.67$c22\3$e01-jan-2005$fGBP16.67$g0$hP$5Uk
=ACF  \\$aPrevious copyright fee: GBP17.14$c22\3$e01-apr-2006$fGBP17.14$g0$hP$5Uk
=ACF  \\$aPrevious copyright fee: GBP22.00$c22\3$e12-aug-2012$fGBP22.00$g0$hP$5Uk
=ACF  \\$aPrevious copyright fee: GBP25.00$c22\3$e01-jan-2013$fGBP25.00$g0$hP$5Uk
=ACF  \\$aPrevious copyright fee: GBP25.77$c22\3$e01-jul-2013$fGBP25.77$g0$hP$5Uk
=ACF  \\$aPrevious copyright fee: GBP24.97$c22\3$e01-jan-2014$fGBP24.97$g0$hP$5Uk
=ACF  \\$aPrevious copyright fee: GBP24.21$c22\3$e01-jul-2014$fGBP24.21$g0$hP$5Uk
=ACF  \\$aPrevious copyright fee: GBP25.77$c22\3$e01-apr-2015$fGBP25.77$g0$hP$5Uk
=ACF  \\$aPrevious copyright fee: GBP26.63$c22\3$e01-jul-2015$fGBP26.63$g0$hP$5Uk
=ACF  \\$aPrevious copyright fee: GBP25.77$c22\3$e01-oct-2015$fGBP25.77$g0$hP$5Uk
=ACF  \\$aPrevious copyright fee: GBP27.55$c22\3$e01-apr-2016$fGBP27.55$g0$hP$5Uk
=ACF  \\$aPrevious copyright fee: GBP29.59$c22\3$e01-oct-2016$fGBP29.59$g0$hP$5Uk
=ACF  \\$aPrevious copyright fee: GBP31.96$c22\3$e01-apr-2017$fGBP31.96$g0$hP$5Uk
=ACF  \\$aPrevious copyright fee: GBP30.73$c22\3$e01-oct-2017$fGBP30.73$g0$hP$5Uk
=ACF  \\$aPrevious copyright fee: GBP28.54$c22\3$e01-apr-2018$fGBP28.54$g0$hP$5Uk
=LAS  \\$a5410$b40$c20230425$lBLL01$h0831

