=LDR  05282cas a2201177 a 4500
=001  013400630
=003  Uk
=005  20221231144722.0
=006  m\\\\f\\\d\\\\\\\\
=007  cr\cnu||||||||
=008  960906c19939999nyumr\poo\\\\\0\\\a0eng\c
=FMT  \\$a  SE
=010  \\$asn 96004523
=022  0\$a1090-6525$l1063-7842$y1063-7842$21
=035  \\$a(OCoLC)35392806
=040  \\$aNSD$cNSD$dUMC$dNSD$dOCL$dNSD$dOCLCQ$dOCL$dNSD$dOCL$dOCLCQ$dTXA$dUk
=041  1\$aeng$hrus
=042  \\$ansdp$aukblsr
=050  14$aQC1.$bZ4813
=082  04$a530.05$223
=130  0\$aZhurnal tekhnicheskoĭ fiziki (Online).$lEnglish.
=210  0\$aTech. phys.$b(Online)
=222  \0$aTechnical physics$b(Online)
=245  10$aTechnical physics$h[electronic resource].
=246  1\$iAlso called:$aTechnical physics online
=260  \\$a[Woodbury, N.Y.] :$bAmerican Institute of Physics
=260  3\$a[Berlin] :$bSpringer
=310  \\$aMonthly
=336  \\$atext$2rdacontent
=337  \\$acomputer$2rdamedia
=338  \\$aonline resource$2rdacarrier
=362  1\$aPrint began with: 38 (1) (Jan. 1993).
=588  \\$aDescription based on: Vol. 42, no. 1(Jan. 1997); title from issue table of contents (SpringerLink, viewed on Sep. 22, 2010).
=588  \\$aLatest issue consulted: Vol. 57, no. 1 (Jan. 2012) (viewed on Jan. 10, 2012).
=538  \\$aMode of access: World Wide Web.
=540  \\$aCurrent copyright fee: GBP29.95$c22\1$5Uk
=650  \0$aPhysics$vPeriodicals.
=710  2\$aAmerican Institute of Physics.
=765  1\$tZhurnal tekhnicheskoĭ fiziki
=776  1\$tZhurnal tekhnicheskoĭ fiziki. English. Technical physics$x1063-7842
=780  00$tSoviet physics. Technical physics
=856  \\$31850-9999$uhttp://www.springer.com/gb/$xBLDSS
=856  40$uhttp://www.springerlink.com/content/1063-7842/
=859  \\$aXLD$bejournal
=852  41$aBritish Library$bDSC$j0425.899600$3Volume 42:Issue 1(1997)-Volume 63:Issue 2(2018)***See ESTAR for full holdings.
=945  \\$aTECHNICAL PHYSICS C/C OF ZHURNAL TEKHNICHESKOI FIZIKI
=959  \\$fHeld but not currently received
=979  \\$aBritish Library$bDSC$j0425.899600
=CAT  \\$a7174$b40$c20060210$lBLL01$h1456
=CAT  \\$aIPL-CLA$c20150331$lBLL01$h1643
=CAT  \\$aBATCH-UPD$b00$c20150520$lBLL01$h1750
=CAT  \\$aIPL-CLA$c20150630$lBLL01$h1650
=CAT  \\$aBATCH-UPD$b00$c20150820$lBLL01$h1837
=CAT  \\$aIPL-CLA$c20150930$lBLL01$h1811
=CAT  \\$aBATCH-UPD$b00$c20160217$lBLL01$h1727
=CAT  \\$aIPL-CLA$c20160331$lBLL01$h1732
=CAT  \\$aBATCH-UPD$b00$c20160523$lBLL01$h1039
=CAT  \\$aBATCH-UPD$b00$c20160524$lBLL01$h2210
=CAT  \\$aBATCH-UPD$b00$c20160824$lBLL01$h1755
=CAT  \\$aIPL-CLA$c20160930$lBLL01$h1607
=CAT  \\$aBATCH-UPD$b00$c20170216$lBLL01$h1843
=CAT  \\$aIPL-CLA$c20170331$lBLL01$h1847
=CAT  \\$aBATCH-UPD$b00$c20170904$lBLL01$h1852
=CAT  \\$aIPL-CLA$c20170929$lBLL01$h1732
=CAT  \\$aBATCH-UPD$b00$c20180223$lBLL01$h1721
=CAT  \\$aIPL-CLA$c20180331$lBLL01$h1623
=CAT  \\$aW1805-0475$c20180520$lBLL01$h1632
=CAT  \\$aBATCH-UPD$b00$c20180524$lBLL01$h1714
=CAT  \\$aIPL-CLA$c20180630$lBLL01$h1918
=CAT  \\$aW1908-0780$b00$c20200730$lBLL01$h1329
=CAT  \\$aCDS21$c20220118$lBLL01$h1105
=CAT  \\$aBATCH-UPD$b00$c20221121$lBLL01$h1400
=CAT  \\$a5410$b40$c20221215$lBLL01$h0922
=CAT  \\$aIPL-CLA$c20221231$lBLL01$h1447
=CFI  0\$aCurrent copyright fee: GBP29.95$c22\1$e01-jan-2023$fGBP29.95$g0$hP$5Uk
=CFI  2\$aPrevious copyright fee: GBP34.00$c22\1$e01-jul-2018$fGBP34.00$g0$hP$5Uk
=EST  \\$a1
=FFP  \\$aY$bBLDSS-3PM
=FIN  \\$aY$d20120110
=LKR  \\$aPAR$b009181337$lBLL01$r776$mTechnical physics (Online)$nTechnical physics (Print)
=MNI  \\$a1063-7842
=SID  \\$aZ39$bOCLC
=TCO  \\$aTRS$bCCC$c008
=TOC  \\$aETOC
=UNO  \\$aY
=ACF  \\$aPrevious Copyright Fee: GBP16.67$c22\3$e10-feb-2006$fGBP16.67$g0$hP$5Uk
=ACF  \\$aPrevious copyright fee: GBP17.14$c22\3$e01-apr-2006$fGBP17.14$g0$hP$5Uk
=ACF  \\$aPrevious copyright fee: GBP22.00$c22\3$e12-aug-2012$fGBP22.00$g0$hP$5Uk
=ACF  \\$aPrevious copyright fee: GBP25.00$c22\3$e01-jan-2013$fGBP25.00$g0$hP$5Uk
=ACF  \\$aPrevious copyright fee: GBP25.77$c22\3$e01-jul-2013$fGBP25.77$g0$hP$5Uk
=ACF  \\$aPrevious copyright fee: GBP24.97$c22\3$e01-jan-2014$fGBP24.97$g0$hP$5Uk
=ACF  \\$aPrevious copyright fee: GBP24.21$c22\3$e01-jul-2014$fGBP24.21$g0$hP$5Uk
=ACF  \\$aPrevious copyright fee: GBP25.77$c22\3$e01-apr-2015$fGBP25.77$g0$hP$5Uk
=ACF  \\$aPrevious copyright fee: GBP26.63$c22\3$e01-jul-2015$fGBP26.63$g0$hP$5Uk
=ACF  \\$aPrevious copyright fee: GBP25.77$c22\3$e01-oct-2015$fGBP25.77$g0$hP$5Uk
=ACF  \\$aPrevious copyright fee: GBP27.55$c22\3$e01-apr-2016$fGBP27.55$g0$hP$5Uk
=ACF  \\$aPrevious copyright fee: GBP29.59$c22\3$e01-oct-2016$fGBP29.59$g0$hP$5Uk
=ACF  \\$aPrevious copyright fee: GBP31.96$c22\3$e01-apr-2017$fGBP31.96$g0$hP$5Uk
=ACF  \\$aPrevious copyright fee: GBP30.73$c22\3$e01-oct-2017$fGBP30.73$g0$hP$5Uk
=ACF  \\$aPrevious copyright fee: GBP28.54$c22\3$e01-apr-2018$fGBP28.54$g0$hP$5Uk
=LAS  \\$aIPL-CLA$b00$c20221231$lBLL01$h1447

