=LDR  05828cas a2201297 a 4500
=001  013433945
=003  Uk
=005  20230305110619.0
=006  m\\\\\\\\d\\\\\\\\
=007  cr\un|||||||||
=008  050614c19149999nyumr\pso\\\\\0\\\b0ita\d
=FMT  \\$a  SE
=010  \\$a2006256005
=022  0\$a1826-6983$l0033-8362$y0033-8362$2d
=035  \\$a(OCoLC)60624381
=040  \\$aOCLCS$cOCLCS$dRBN$dUQ1$dMUQ$dOCLCQ$dSERSO$dOCLCQ$dUk
=041  0\$aita$aeng
=042  \\$aukblsr
=043  \\$ae-it---
=050  \4$aRM845$b.R128
=060  \4$aW1$bRA314
=082  04$a616.0757$223
=130  0\$aRadiologia medica (Online)
=210  1\$aRadiol. med.$b(Online)
=222  \3$aLa Radiologia medica$b(Online)
=245  10$aRadiologia medica$h[electronic resource].
=260  \\$aNew York, NY :$bSpringer
=310  \\$aMonthly
=336  \\$atext$2rdacontent
=337  \\$acomputer$2rdamedia
=338  \\$aonline resource$2rdacarrier
=362  1\$aPrint began in 1914.
=588  \\$aDescription based on: Vol. 111, no. 1 (Feb. 2006); title from table of contents (viewed Apr. 10, 2006 at Springer).
=588  \\$aLatest issue consulted: Vol. 117, no. 3 (Dec. 2011) (SpringerLink, viewed May 22, 2012).
=530  \\$aAlso issued in print.
=546  \\$aEnglish and Italian.
=550  \\$aJournal of the Italian Society of Medical Radiology.
=580  \\$aPrint version absorbed: Minerva radiologica.
=540  \\$aCurrent copyright fee: GBP34.95$c22\1$5Uk
=650  \0$aRadiology$vPeriodicals.
=650  \2$aRadiology$zItaly$vPeriodicals.
=650  \6$aRadiologie$vPériodiques.
=710  2\$aSocietà italiana di radiologia medica.
=776  1\$tRadiologia medica$x0033-8362
=856  \\$31850-9999$uhttp://www.springer.com/gb/$xBLDSS
=856  40$uhttp://www.springerlink.com/content/0033-8362/
=856  40$uhttp://www.springerlink.com/openurl.asp?genre=journal&issn=0033-8362
=859  \\$aXLD$bejournal
=852  \\$aBritish Library$bDSC$j7237.800000$3Volume 111:Issue 1(2006)-Volume 123:Issue 4(2018)***See ESTAR for full holdings.
=945  \\$aRADIOLOGIA MEDICA
=959  \\$fHeld but not currently received
=979  \\$aBritish Library$bDSC$j7237.800000
=CAT  \\$a7174$b40$c20060323$lBLL01$h1350
=CAT  \\$aBATCH-UPD$b00$c20150520$lBLL01$h1755
=CAT  \\$aIPL-CLA$c20150630$lBLL01$h1650
=CAT  \\$aBATCH-UPD$b00$c20150820$lBLL01$h1842
=CAT  \\$aIPL-CLA$c20150930$lBLL01$h1812
=CAT  \\$aBATCH-UPD$b00$c20160217$lBLL01$h1733
=CAT  \\$aIPL-CLA$c20160331$lBLL01$h1733
=CAT  \\$aBATCH-UPD$b00$c20160524$lBLL01$h2210
=CAT  \\$aBATCH-UPD$b00$c20160525$lBLL01$h0023
=CAT  \\$aBATCH-UPD$b00$c20160824$lBLL01$h1800
=CAT  \\$aIPL-CLA$c20160930$lBLL01$h1607
=CAT  \\$aBATCH-UPD$b00$c20170216$lBLL01$h1849
=CAT  \\$aIPL-CLA$c20170331$lBLL01$h1848
=CAT  \\$aBATCH-UPD$b00$c20170904$lBLL01$h1858
=CAT  \\$aIPL-CLA$c20170929$lBLL01$h1732
=CAT  \\$aBATCH-UPD$b00$c20180223$lBLL01$h1731
=CAT  \\$aIPL-CLA$c20180331$lBLL01$h1624
=CAT  \\$aW1805-0475$c20180520$lBLL01$h1632
=CAT  \\$aBATCH-UPD$b00$c20180524$lBLL01$h1718
=CAT  \\$aIPL-CLA$c20180630$lBLL01$h1918
=CAT  \\$aW1908-0780$b00$c20200730$lBLL01$h1329
=CAT  \\$a5552$b40$c20210824$lBLL01$h1339
=CAT  \\$aIPL-CLA$c20210930$lBLL01$h1528
=CAT  \\$aCDS21$c20220118$lBLL01$h1105
=CAT  \\$aBATCH-UPD$b00$c20221121$lBLL01$h1411
=CAT  \\$aIPL-CLA$c20221231$lBLL01$h1447
=CAT  \\$a5410$b40$c20230305$lBLL01$h1106
=CFI  0\$aCurrent copyright fee: GBP34.95$c22\1$e01-jan-2023$fGBP34.95$g0$hP$5Uk
=CFI  2\$aPrevious copyright fee: GBP43.00$c22\1$e01-oct-2021$fGBP43.00$g0$hP$5Uk
=EST  \\$a1
=FFP  \\$aY$bBLDSS-3PM
=FIN  \\$aY$d20120522
=LKR  \\$aPAR$b008553577$lBLL01$r776$mRadiologia medica (Online)$nRadiologia medica (Print)
=MNI  \\$a0033-8362
=SID  \\$aZ39$bOCLC
=TCO  \\$aITA$bAIDRO / SIAE$c008
=TOC  \\$aETOC
=UNO  \\$aY
=ACF  \\$aPrevious copyright fee: GBP21.25$c22\6$e01-jan-2009$fGBP21.25$g0$hP$5Uk
=ACF  \\$aPrevious copyright fee: GBP16.75$c22\6$e01-jan-2007$fGBP16.75$g0$hP$5Uk
=ACF  \\$aPrevious copyright fee: GBP16.22$c22\6$e01-oct-2006$fGBP16.22$g0$hP$5Uk
=ACF  \\$aPrevious Copyright Fee: GBP17.14$c22\6$e01-apr-2006$fGBP17.14$g0$hP$5Uk
=ACF  \\$aPrevious Copyright Fee: GBP16.67$c22\6$e23-mar-2006$fGBP16.67$g0$hP$5Uk
=ACF  \\$aPrevious copyright fee: GBP22.00$c22\6$e01-apr-2009$fGBP22.00$g0$hP$5Uk
=ACF  \\$aPrevious copyright fee: GBP22.00$c22\6$e12-aug-2012$fGBP22.00$g0$hP$5Uk
=ACF  \\$aPrevious copyright fee: GBP25.00$c22\6$e01-jan-2013$fGBP25.00$g0$hP$5Uk
=ACF  \\$aPrevious copyright fee: GBP25.77$c22\6$e01-jul-2013$fGBP25.77$g0$hP$5Uk
=ACF  \\$aPrevious copyright fee: GBP24.97$c22\6$e01-jan-2014$fGBP24.97$g0$hP$5Uk
=ACF  \\$aPrevious copyright fee: GBP24.21$c22\6$e01-jul-2014$fGBP24.21$g0$hP$5Uk
=ACF  \\$aPrevious copyright fee: GBP25.77$c22\6$e01-apr-2015$fGBP25.77$g0$hP$5Uk
=ACF  \\$aPrevious copyright fee: GBP26.63$c22\6$e01-jul-2015$fGBP26.63$g0$hP$5Uk
=ACF  \\$aPrevious copyright fee: GBP25.77$c22\6$e01-oct-2015$fGBP25.77$g0$hP$5Uk
=ACF  \\$aPrevious copyright fee: GBP27.55$c22\6$e01-apr-2016$fGBP27.55$g0$hP$5Uk
=ACF  \\$aPrevious copyright fee: GBP29.59$c22\6$e01-oct-2016$fGBP29.59$g0$hP$5Uk
=ACF  \\$aPrevious copyright fee: GBP31.96$c22\6$e01-apr-2017$fGBP31.96$g0$hP$5Uk
=ACF  \\$aPrevious copyright fee: GBP30.73$c22\6$e01-oct-2017$fGBP30.73$g0$hP$5Uk
=ACF  \\$aPrevious copyright fee: GBP28.54$c22\6$e01-apr-2018$fGBP28.54$g0$hP$5Uk
=ACF  \\$aPrevious copyright fee: GBP34.00$c22\1$e01-jul-2018$fGBP34.00$g0$hP$5Uk
=LAS  \\$a5410$b40$c20230305$lBLL01$h1106

