=LDR  06039cas a2201261 a 4500
=001  013434082
=003  Uk
=005  20230305110746.0
=006  m\\\\\\\\d\\\\\\\\
=007  cr\|||||||||||
=007  ta
=008  050610c19989999nyuqr\pso\\\\\0\\\\0eng\c
=FMT  \\$a  SE
=010  \\$a2005215542
=022  0\$a1556-3308
=035  \\$a(OCoLC)60594502$z(OCoLC)41644358$z(OCoLC)52129153$z(OCoLC)53435955$z(OCoLC)61314292$z(OCoLC)223336858$z(OCoLC)426487504
=040  \\$aNSD$beng$cNSD$dKSU$dPFM$dFFQ$dAU@$dFQM$dBNG$dAAA$dUQ1$dU9S$dOCLCQ$dUk
=042  \\$aukblsr
=050  14$aRA790.A1$bJ68
=082  04$a362.205$223
=130  0\$aJournal of behavioral health services & research (Online)
=245  10$aJournal of behavioral health services & research$h[electronic resource].
=246  3\$aJournal of behavioral health services and research
=260  \\$aNew York, NY :$bSpringer
=310  \\$aQuarterly
=336  \\$atext$2rdacontent
=337  \\$acomputer$2rdamedia
=338  \\$aonline resource$2rdacarrier
=530  \\$aAlso issued in print.
=588  \\$aDescription based on: V. 25, no. 1 (Feb. 1998); title from article PDF (SpringerLink Web site, viewed Mar. 25, 2010).
=588  \\$aLatest issue consulted: V. 39, no. 2 (Apr. 2012) (viewed May 22, 2012).
=580  \\$aPrint version continues: Journal of mental health administration (Online)
=540  \\$aCurrent copyright fee: GBP34.95$c22\1$5Uk
=650  \0$aMental health services$vPeriodicals.
=650  \6$aSanté mentale, Services de$xAdministration$vPériodiques.
=650  \6$aSanté mentale, Services de$vPériodiques.
=650  17$aService de santé mentale.$2rasuqam
=690  7\$aSocial Welfare$2blcoll
=776  1\$tJournal of behavioral health services & research$x1094-3412
=856  \\$31850-9999$uhttp://www.springer.com/gb/$xBLDSS
=856  40$uhttp://www.springerlink.com/content/1094-3412/
=856  40$uhttp://www.springerlink.com/content/119906/
=859  \\$aXLD$bejournal
=852  \\$aBritish Library$bDSC$j4951.261000$3Volume 28:Issue 4(2001)-Volume 45:Issue 1(2018)***See ESTAR for full holdings.
=945  \\$aJOURNAL OF BEHAVIORAL HEALTH SERVICES AND RESEARCH
=959  \\$fHeld but not currently received
=979  \\$aBritish Library$bDSC$j4951.261000
=CAT  \\$a7174$b40$c20060323$lBLL01$h1447
=CAT  \\$aIPL-CLA$c20150630$lBLL01$h1650
=CAT  \\$aBATCH-UPD$b00$c20150820$lBLL01$h1846
=CAT  \\$aIPL-CLA$c20150930$lBLL01$h1812
=CAT  \\$aBATCH-UPD$b00$c20160217$lBLL01$h1737
=CAT  \\$aIPL-CLA$c20160331$lBLL01$h1733
=CAT  \\$aBATCH-UPD$b00$c20160524$lBLL01$h2210
=CAT  \\$aBATCH-UPD$b00$c20160525$lBLL01$h0023
=CAT  \\$aBATCH-UPD$b00$c20160824$lBLL01$h1804
=CAT  \\$aIPL-CLA$c20160930$lBLL01$h1607
=CAT  \\$aBATCH-UPD$b00$c20170216$lBLL01$h1852
=CAT  \\$aIPL-CLA$c20170331$lBLL01$h1848
=CAT  \\$aBATCH-UPD$b00$c20170904$lBLL01$h1902
=CAT  \\$aIPL-CLA$c20170929$lBLL01$h1732
=CAT  \\$aBATCH-UPD$b00$c20180223$lBLL01$h1735
=CAT  \\$aIPL-CLA$c20180331$lBLL01$h1624
=CAT  \\$aW1805-0475$c20180520$lBLL01$h1632
=CAT  \\$aBATCH-UPD$b00$c20180524$lBLL01$h1722
=CAT  \\$aIPL-CLA$c20180630$lBLL01$h1918
=CAT  \\$aW1908-0780$b00$c20200730$lBLL01$h1329
=CAT  \\$a5552$b40$c20200818$lBLL01$h1402
=CAT  \\$a5552$b40$c20210816$lBLL01$h1052
=CAT  \\$aIPL-CLA$c20210930$lBLL01$h1528
=CAT  \\$aCDS21$c20220118$lBLL01$h1105
=CAT  \\$aBATCH-UPD$b00$c20221121$lBLL01$h1411
=CAT  \\$aIPL-CLA$c20221231$lBLL01$h1447
=CAT  \\$a5410$b40$c20230305$lBLL01$h1107
=CAT  \\$a5410$b40$c20230305$lBLL01$h1107
=CFI  0\$aCurrent copyright fee: GBP34.95$c22\1$e01-jan-2023$fGBP34.95$g0$hP$5Uk
=CFI  2\$aPrevious copyright fee: GBP43.00$c22\1$e01-oct-2021$fGBP43.00$g0$hP$5Uk
=EST  \\$a1
=FFP  \\$aY$bBLDSS-3PM
=FIN  \\$aY$d20120522
=LKR  \\$aPAR$b010488228$lBLL01$r776$mJournal of behavioral health services & research (Online)$nJournal of behavioral health services & research (Print)
=MNI  \\$a1094-3412
=SID  \\$aZ39$bOCLC
=TCO  \\$aTRS$bCCC$c008
=TCO  \\$aCLA$bCLA$c008
=TOC  \\$aETOC
=UNO  \\$aY
=ACF  \\$aPrevious copyright fee: GBP21.25$c22\8$e01-jan-2009$fGBP21.25$g0$hP$5Uk
=ACF  \\$aPrevious copyright fee: GBP16.75$c22\8$e01-jan-2007$fGBP16.75$g0$hP$5Uk
=ACF  \\$aPrevious copyright fee: GBP16.22$c22\8$e01-oct-2006$fGBP16.22$g0$hP$5Uk
=ACF  \\$aPrevious Copyright Fee: GBP17.14$c22\8$e01-apr-2006$fGBP17.14$g0$hP$5Uk
=ACF  \\$aPrevious Copyright Fee: GBP16.67$c22\8$e01-jan-2006$fGBP16.67$g0$hP$5Uk
=ACF  \\$aPrevious copyright fee: GBP22.00$c22\8$e01-apr-2009$fGBP22.00$g0$hP$5Uk
=ACF  \\$aPrevious copyright fee: GBP22.00$c22\8$e12-aug-2012$fGBP22.00$g0$hP$5Uk
=ACF  \\$aPrevious copyright fee: GBP25.00$c22\8$e01-jan-2013$fGBP25.00$g0$hP$5Uk
=ACF  \\$aPrevious copyright fee: GBP25.77$c22\8$e01-jul-2013$fGBP25.77$g0$hP$5Uk
=ACF  \\$aPrevious copyright fee: GBP24.97$c22\8$e01-jan-2014$fGBP24.97$g0$hP$5Uk
=ACF  \\$aPrevious copyright fee: GBP24.21$c22\8$e01-jul-2014$fGBP24.21$g0$hP$5Uk
=ACF  \\$aPrevious copyright fee: GBP25.77$c22\8$e01-apr-2015$fGBP25.77$g0$hP$5Uk
=ACF  \\$aPrevious copyright fee: GBP26.63$c22\8$e01-jul-2015$fGBP26.63$g0$hP$5Uk
=ACF  \\$aPrevious copyright fee: GBP25.77$c22\8$e01-oct-2015$fGBP25.77$g0$hP$5Uk
=ACF  \\$aPrevious copyright fee: GBP27.55$c22\8$e01-apr-2016$fGBP27.55$g0$hP$5Uk
=ACF  \\$aPrevious copyright fee: GBP29.59$c22\8$e01-oct-2016$fGBP29.59$g0$hP$5Uk
=ACF  \\$aPrevious copyright fee: GBP31.96$c22\8$e01-apr-2017$fGBP31.96$g0$hP$5Uk
=ACF  \\$aPrevious copyright fee: GBP30.73$c22\8$e01-oct-2017$fGBP30.73$g0$hP$5Uk
=ACF  \\$aPrevious copyright fee: GBP28.54$c22\8$e01-apr-2018$fGBP28.54$g0$hP$5Uk
=ACF  \\$aPrevious copyright fee: GBP34.00$c22\1$e01-jul-2018$fGBP34.00$g0$hP$5Uk
=LAS  \\$a5410$b40$c20230305$lBLL01$h1107

