=LDR  05407cas a2201201 i 4500
=001  013477659
=003  Uk
=005  20230423124604.0
=006  m\\\\\\\\d\\\\\\\\
=007  cr\|||||||||||
=008  060525c19659999vb\mr\p\o\\\\\0\\\a0eng\\
=FMT  \\$a  SE
=022  \\$a1555-6255$y0036-0295$z1531-8648$202
=040  \\$aUk$beng$cUk$erda
=041  1\$aeng$hrus
=042  \\$aukblsr$aissnuk
=082  04$a669.05$223
=130  0\$aMetally.$lEnglish.
=210  0\$aRuss. metall., Met.$b(Online)
=222  \0$aRussian metallurgy. Metally$b(Online)
=245  10$aRussian metallurgy :$bmetally.
=246  30$aMetally
=264  \1$a[New York] :$bPleiades Publishing, Inc.
=264  21$a[New York] :$bSpringer US
=264  31$a[Tortola, British Virgin Islands] :$bPleiades Publishing
=300  \\$billustrations (black and white)
=310  \\$aMonthly,$b2010-
=321  \\$aEight issues yearly,$b2007-2009
=321  \\$aBimonthly,$b2006
=336  \\$atext$2rdacontent
=337  \\$acomputer$2rdamedia
=338  \\$aonline resource$2rdacarrier
=362  1\$aPrint began with Jan./Feb. 1965 issue.
=580  \\$aOnline version of a translation from: Metally.
=580  \\$aOriginal print version of this title was preceded by an earlier title: Russian metallurgy and mining.
=588  \\$aDescription based on: vol. 2006, no. 1 (January 2006); title from PDF article running title (Wiley Online Library, viewed July 19, 2013).
=588  \\$aLatest issue consulted: volume 2022 (October 2022) (SpringerLink, viewed January 17, 2023).
=540  \\$aCurrent copyright fee: GBP29.95$c22\1$5Uk
=650  \0$aMetallurgy$vPeriodicals.
=710  2\$aRossiĭskai︠a︡ akademii︠a︡ nauk,$eissuing body.
=765  1\$tMetally$x0869-5733
=776  08$iAlso issued in print as:$tMetally. English$x0036-0295
=856  \\$31850-9999$uhttp://www.springer.com/gb/$xBLDSS
=856  40$uhttps://www.springer.com/journal/11505
=859  \\$aXLD$bejournal
=852  41$aBritish Library$bDSC$j0420.769000$3Issue 5(2006)-Issue 13(2017)***See ESTAR for full holdings.
=945  \\$aRUSSIAN METALLURGY METALLY C/C OF IZVESTIIA- AKADEMIIA NAUK SSSR METALLY
=959  \\$fHeld but not currently received
=979  \\$aBritish Library$bDSC$j0420.769000
=985  \\$aISSN responsibility transferred from ISSN Russia (17/01/23)
=CAT  \\$a8439$b40$c20060525$lBLL01$h1250
=CAT  \\$aIPL-CLA$c20150331$lBLL01$h1644
=CAT  \\$aBATCH-UPD$b00$c20150520$lBLL01$h1750
=CAT  \\$aIPL-CLA$c20150630$lBLL01$h1651
=CAT  \\$aBATCH-UPD$b00$c20150820$lBLL01$h1838
=CAT  \\$aIPL-CLA$c20150930$lBLL01$h1812
=CAT  \\$aBATCH-UPD$b00$c20160217$lBLL01$h1728
=CAT  \\$aIPL-CLA$c20160331$lBLL01$h1734
=CAT  \\$aBATCH-UPD$b00$c20160524$lBLL01$h2210
=CAT  \\$aBATCH-UPD$b00$c20160525$lBLL01$h0024
=CAT  \\$aBATCH-UPD$b00$c20160824$lBLL01$h1755
=CAT  \\$aIPL-CLA$c20160930$lBLL01$h1608
=CAT  \\$aBATCH-UPD$b00$c20170216$lBLL01$h1843
=CAT  \\$aIPL-CLA$c20170331$lBLL01$h1848
=CAT  \\$aBATCH-UPD$b00$c20170904$lBLL01$h1852
=CAT  \\$aIPL-CLA$c20170929$lBLL01$h1733
=CAT  \\$aBATCH-UPD$b00$c20180223$lBLL01$h1721
=CAT  \\$aIPL-CLA$c20180331$lBLL01$h1624
=CAT  \\$aW1805-0475$c20180520$lBLL01$h1632
=CAT  \\$aBATCH-UPD$b00$c20180524$lBLL01$h1714
=CAT  \\$aIPL-CLA$c20180630$lBLL01$h1919
=CAT  \\$aW1908-0780$b00$c20200730$lBLL01$h1329
=CAT  \\$aCDS21$c20220118$lBLL01$h1105
=CAT  \\$aBATCH-UPD$b00$c20221121$lBLL01$h1401
=CAT  \\$aIPL-CLA$c20221231$lBLL01$h1447
=CAT  \\$a10806$b40$c20230117$lBLL01$h0911
=CAT  \\$a5410$b40$c20230423$lBLL01$h1246
=CFI  0\$aCurrent copyright fee: GBP29.95$c22\1$e01-jan-2023$fGBP29.95$g0$hP$5Uk
=CFI  2\$aPrevious copyright fee: GBP34.00$c22\1$e01-jul-2018$fGBP34.00$g0$hP$5Uk
=EST  \\$a1
=FFP  \\$aY$bBLDSS-3PM
=FIN  \\$aY$d20130723
=LKR  \\$aPAR$b012751473$lBLL01$nMetally$mRussian metallurgy$r765
=MNI  \\$a0036-0295
=TCO  \\$aXXX$c008
=TCO  \\$aTRS$bCCC$c008
=TOC  \\$aETOC
=UNO  \\$aY
=ACF  \\$aPrevious Copyright Fee: GBP17.14$c22\3$e25-may-2006$fGBP17.14$g0$hP$5Uk
=ACF  \\$aPrevious copyright fee: GBP22.00$c22\3$e12-aug-2012$fGBP22.00$g0$hP$5Uk
=ACF  \\$aPrevious copyright fee: GBP25.00$c22\3$e01-jan-2013$fGBP25.00$g0$hP$5Uk
=ACF  \\$aPrevious copyright fee: GBP25.77$c22\3$e01-jul-2013$fGBP25.77$g0$hP$5Uk
=ACF  \\$aPrevious copyright fee: GBP24.97$c22\3$e01-jan-2014$fGBP24.97$g0$hP$5Uk
=ACF  \\$aPrevious copyright fee: GBP24.21$c22\3$e01-jul-2014$fGBP24.21$g0$hP$5Uk
=ACF  \\$aPrevious copyright fee: GBP25.77$c22\3$e01-apr-2015$fGBP25.77$g0$hP$5Uk
=ACF  \\$aPrevious copyright fee: GBP26.63$c22\3$e01-jul-2015$fGBP26.63$g0$hP$5Uk
=ACF  \\$aPrevious copyright fee: GBP25.77$c22\3$e01-oct-2015$fGBP25.77$g0$hP$5Uk
=ACF  \\$aPrevious copyright fee: GBP27.55$c22\3$e01-apr-2016$fGBP27.55$g0$hP$5Uk
=ACF  \\$aPrevious copyright fee: GBP29.59$c22\3$e01-oct-2016$fGBP29.59$g0$hP$5Uk
=ACF  \\$aPrevious copyright fee: GBP31.96$c22\3$e01-apr-2017$fGBP31.96$g0$hP$5Uk
=ACF  \\$aPrevious copyright fee: GBP30.73$c22\3$e01-oct-2017$fGBP30.73$g0$hP$5Uk
=ACF  \\$aPrevious copyright fee: GBP28.54$c22\3$e01-apr-2018$fGBP28.54$g0$hP$5Uk
=LAS  \\$a5410$b40$c20230423$lBLL01$h1246

