=LDR  05916cas a2201309 a 4500
=001  013500714
=003  Uk
=005  20221231144742.0
=006  m\\\\\o\\d\\\\\\\\
=007  cr||||||||||||
=008  840402d19832008ja\mr\pso\\\\\0\\\a0eng\d
=FMT  \\$a  SE
=016  7\$a2117284-5$2DE-600
=022  \\$a1862-5274
=030  \\$aRAMEER
=035  \\$a(OCoLC)63800466
=037  \\$bIgaku-Shoin Medical Publishers, Inc., 1140 Ave. of the Americas, New York, NY 10036
=040  \\$aCUD$beng$cCUD$dNTD$dOCL$dCGU$dMUQ$dHNK$dOCLCQ$dVPI$dOCLCQ$dHEBIS$dOCLCQ$dUk
=042  \\$aukblsr
=050  \4$aRM845$b.R33
=060  00$aW1$bRA162H
=082  04$a616.07575$223
=130  0\$aRadiation medicine (Online)
=210  0\$aRadiat. med.$b(Internet)
=222  \0$aRadiation medicine$b(Internet)
=245  10$aRadiation medicine$h[electronic resource].
=260  \\$aTokyo, Japan :$bRadiation Medicine Association
=310  \\$aTen no. a year,$b2006-2008
=321  \\$aQuarterly,$b1983-
=321  \\$aBimonthly,$b-2004
=321  \\$aEight no. a year,$b2005
=336  \\$atext$2rdacontent
=337  \\$acomputer$2rdamedia
=338  \\$aonline resource$2rdacarrier
=362  1\$aPrint began with vol. 1, no. 1 (Jan./Mar. 1983).
=362  1\$aCeased with v. 26, no. 10 (Dec. 2008).
=500  \\$aVols. for Apr. 2006- published by Springer Tokyo.
=550  \\$aVols. for <Apr. 2006-> are the official publication of the Japan Radiological Society.
=588  \\$aDescription based on: Vol. 24, no. 3 (2006); title from journal information screen (viewed Feb. 9, 2006).
=540  \\$aCurrent copyright fee: GBP29.95$c22\1$5Uk
=650  \0$aTumors$xRadiotherapy$vPeriodicals.
=650  \0$aRadioisotope scanning$vPeriodicals.
=650  \0$aRadiotherapy$vPeriodicals.
=650  \2$aNeoplasms$xradiotherapy$vPeriodicals.
=650  \2$aRadionuclide Imaging$vPeriodicals.
=650  \2$aRadiotherapy$vPeriodicals.
=710  2\$aRadiation Medicine Association (Japan)
=710  2\$aNihon Igaku Hōshasen Gakkai.
=776  08$iPrint version:$tRadiation medicine$x0288-2043
=785  00$tJapanese journal of radiology$x1867-108X
=856  \\$31850-9999$uhttp://www.springer.com/gb/$xBLDSS
=856  40$uhttp://link.springer.com/journal/11604
=859  \\$aXLD$bejournal
=852  \\$aBritish Library$bDSC$j7227.975000$3Volume 24:Issue 3(2006)-Volume 26:Issue 10 (2008)***See ESTAR for full holdings.
=945  \\$aRadiation medicine
=959  \\$fHeld but not currently received
=CAT  \\$a7174$b40$c20060627$lBLL01$h1751
=CAT  \\$aBLDSS-3PM$b00$c20150103$lBLL01$h1045
=CAT  \\$aBATCH-UPD$b00$c20150219$lBLL01$h1805
=CAT  \\$aIPL-CLA$c20150331$lBLL01$h1645
=CAT  \\$aBATCH-UPD$b00$c20150520$lBLL01$h1805
=CAT  \\$aIPL-CLA$c20150630$lBLL01$h1651
=CAT  \\$aBATCH-UPD$b00$c20150820$lBLL01$h1851
=CAT  \\$aIPL-CLA$c20150930$lBLL01$h1813
=CAT  \\$aBATCH-UPD$b00$c20160217$lBLL01$h1743
=CAT  \\$aIPL-CLA$c20160331$lBLL01$h1734
=CAT  \\$aBATCH-UPD$b00$c20160524$lBLL01$h2211
=CAT  \\$aBATCH-UPD$b00$c20160525$lBLL01$h0024
=CAT  \\$aBATCH-UPD$b00$c20160824$lBLL01$h1810
=CAT  \\$aIPL-CLA$c20160930$lBLL01$h1608
=CAT  \\$aBATCH-UPD$b00$c20170216$lBLL01$h1858
=CAT  \\$aIPL-CLA$c20170331$lBLL01$h1849
=CAT  \\$aBATCH-UPD$b00$c20170904$lBLL01$h1909
=CAT  \\$aIPL-CLA$c20170929$lBLL01$h1733
=CAT  \\$aBATCH-UPD$b00$c20180223$lBLL01$h1742
=CAT  \\$aIPL-CLA$c20180331$lBLL01$h1625
=CAT  \\$aBATCH-UPD$b00$c20180524$lBLL01$h1727
=CAT  \\$aIPL-CLA$c20180630$lBLL01$h1919
=CAT  \\$aW1908-0780$b00$c20200730$lBLL01$h1329
=CAT  \\$aCDS21$c20220118$lBLL01$h1105
=CAT  \\$aBATCH-UPD$b00$c20221121$lBLL01$h1401
=CAT  \\$aIPL-CLA$c20221231$lBLL01$h1447
=CFI  0\$aCurrent copyright fee: GBP29.95$c22\1$e01-jan-2023$fGBP29.95$g0$hP$5Uk
=CFI  2\$aPrevious copyright fee: GBP34.00$c22\1$e01-jul-2018$fGBP34.00$g0$hP$5Uk
=EST  \\$a1
=FFP  \\$aY$bBLDSS-3PM
=FIN  \\$aY$d20130724
=LKR  \\$aPAR$b008553179$lBLL01$r776$mRadiation medicine (Online)$nRadiation medicine (Print)
=MNI  \\$a0288-2043
=SID  \\$aZ39$bOCLC
=TCO  \\$aJPN$bJAACC$c008
=TOC  \\$aETOC
=UNO  \\$aY
=ACF  \\$aPrevious copyright fee: GBP21.25$c23\3$e01-jan-2009$fGBP21.25$g0$hP$5Uk
=ACF  \\$aPrevious copyright fee: GBP16.75$c23\3$e01-jan-2007$fGBP16.75$g0$hP$5Uk
=ACF  \\$aPrevious copyright fee: GBP16.22$c23\3$e01-oct-2006$fGBP16.22$g0$hP$5Uk
=ACF  \\$aPrevious Copyright Fee: GBP17.14$c23\3$e27-jun-2006$fGBP17.14$g0$hP$5Uk
=ACF  \\$aPrevious copyright fee: GBP22.00$c23\3$e01-apr-2009$fGBP22.00$g0$hP$5Uk
=ACF  \\$aPrevious copyright fee: GBP22.00$c23\3$e12-aug-2012$fGBP22.00$g0$hP$5Uk
=ACF  \\$aPrevious copyright fee: GBP25.00$c23\3$e01-jan-2013$fGBP25.00$g0$hP$5Uk
=ACF  \\$aPrevious copyright fee: GBP25.77$c23\3$e01-jul-2013$fGBP25.77$g0$hP$5Uk
=ACF  \\$aPrevious copyright fee: GBP24.97$c23\3$e01-jan-2014$fGBP24.97$g0$hP$5Uk
=ACF  \\$aPrevious copyright fee: GBP24.21$c23\3$e01-jul-2014$fGBP24.21$g0$hP$5Uk
=ACF  \\$aPrevious copyright fee: GBP25.77$c23\3$e01-apr-2015$fGBP25.77$g0$hP$5Uk
=ACF  \\$aPrevious copyright fee: GBP26.63$c23\3$e01-jul-2015$fGBP26.63$g0$hP$5Uk
=ACF  \\$aPrevious copyright fee: GBP25.77$c23\3$e01-oct-2015$fGBP25.77$g0$hP$5Uk
=ACF  \\$aPrevious copyright fee: GBP27.55$c23\3$e01-apr-2016$fGBP27.55$g0$hP$5Uk
=ACF  \\$aPrevious copyright fee: GBP29.59$c23\3$e01-oct-2016$fGBP29.59$g0$hP$5Uk
=ACF  \\$aPrevious copyright fee: GBP31.96$c23\3$e01-apr-2017$fGBP31.96$g0$hP$5Uk
=ACF  \\$aPrevious copyright fee: GBP30.73$c23\3$e01-oct-2017$fGBP30.73$g0$hP$5Uk
=ACF  \\$aPrevious copyright fee: GBP28.54$c23\3$e01-apr-2018$fGBP28.54$g0$hP$5Uk
=LAS  \\$aIPL-CLA$b00$c20221231$lBLL01$h1447

