=LDR  06023cas a2201321 a 4500
=001  013553889
=003  Uk
=005  20230429114345.0
=006  m\\\\\o\\d\\\\\\\\
=007  cr\un|||||||||
=008  061219c20049999ne\tx\pso\\\\\0\\\a0eng\d
=FMT  \\$a  SE
=010  \\$a2008220509
=022  0\$a1872-4353$l1176-7529$y1176-7529
=035  \\$a(OCoLC)77079229
=040  \\$aOCLCS$cOCLCS$dOCLCS$dAGL$dKSU$dOCLCQ$dUk
=042  \\$aukblsr
=050  14$aQH332$b.J68
=060  \4$aW1$bJO564BHG
=070  0\$aQH332$b.J68
=072  \0$aX380
=082  04$a174.2$223
=130  0\$aJournal of bioethical inquiry (Online)
=222  \0$aJournal of bioethical inquiry$b(Online)
=245  10$aJournal of bioethical inquiry$h[electronic resource].
=246  30$aBioethical inquiry
=246  13$aJBI
=260  \\$aDunedin, N.Z. :$bBioethics Centre, University of Otago
=260  3\$aNetherlands :$bSpringer Science + Media
=310  \\$aThree no. a year
=336  \\$atext$2rdacontent
=337  \\$acomputer$2rdamedia
=338  \\$aonline resource$2rdacarrier
=362  1\$aPrint began in 2004.
=588  \\$aDescription based on print version record.
=588  \\$aTitle from publisher website (viewed on Nov. 25, 2008).
=588  \\$aLatest issue consulted: Vol. 9, no.3 (Sept. 2012) (SpringerLink, viewed on Nov. 8, 2012).
=530  \\$aAlso issued in print.
=538  \\$aMode of access: World Wide Web.
=550  \\$aAssociated with Bioethics Centre at the University of Otago, Australasian Bioethics Association, and Australian and New Zealand Institute of Health, Law and Ethics.
=580  \\$aPrint continues: New Zealand bioethics journal.
=540  \\$aCurrent copyright fee: GBP34.95$c22\1$5Uk
=650  \0$aBioethics$vPeriodicals.
=650  12$aBioethical Issues$vPeriodicals.
=650  22$aBioethics$vPeriodicals.
=710  2\$aUniversity of Otago.$bBioethics Centre.
=776  1\$tJournal of bioethical inquiry$x1176-7529
=856  \\$31850-9999$uhttp://www.springer.com/gb/$xBLDSS
=856  40$uhttp://springer.metapress.com/openurl.asp?genre=journal&issn=1176-7529
=856  40$uhttp://www.springerlink.com/content/1176-7529/
=859  \\$aXLD$bejournal
=852  \\$aBritish Library$bDSC$j4952.860000$3Volume 2:Issue 2(2005)-Volume 14:Issue 4(2017)***See ESTAR for full holdings.
=945  \\$aJournal of bioethical inquiry
=959  \\$fHeld but not currently received
=979  \\$aBritish Library$bDSC$j4952.860000
=CAT  \\$a7174$b40$c20060913$lBLL01$h1602
=CAT  \\$aIPL-CLA$c20150630$lBLL01$h1652
=CAT  \\$aBATCH-UPD$b00$c20150820$lBLL01$h1752
=CAT  \\$aIPL-CLA$c20150930$lBLL01$h1814
=CAT  \\$aBATCH-UPD$b00$c20160217$lBLL01$h1638
=CAT  \\$aIPL-CLA$c20160331$lBLL01$h1736
=CAT  \\$aBATCH-UPD$b00$c20160524$lBLL01$h2157
=CAT  \\$aBATCH-UPD$b00$c20160524$lBLL01$h2251
=CAT  \\$aBATCH-UPD$b00$c20160824$lBLL01$h1715
=CAT  \\$aIPL-CLA$c20160930$lBLL01$h1609
=CAT  \\$aBATCH-UPD$b00$c20170216$lBLL01$h1802
=CAT  \\$aIPL-CLA$c20170331$lBLL01$h1849
=CAT  \\$aBATCH-UPD$b00$c20170904$lBLL01$h1803
=CAT  \\$aIPL-CLA$c20170929$lBLL01$h1734
=CAT  \\$aBATCH-UPD$b00$c20180223$lBLL01$h1620
=CAT  \\$aIPL-CLA$c20180331$lBLL01$h1625
=CAT  \\$aW1805-0475$c20180520$lBLL01$h1632
=CAT  \\$aBATCH-UPD$b00$c20180524$lBLL01$h1653
=CAT  \\$aIPL-CLA$c20180630$lBLL01$h1919
=CAT  \\$aW1908-0780$b00$c20200730$lBLL01$h1330
=CAT  \\$a5552$b40$c20210816$lBLL01$h1221
=CAT  \\$aIPL-CLA$c20210930$lBLL01$h1528
=CAT  \\$aCDS21$c20220118$lBLL01$h1105
=CAT  \\$aBATCH-UPD$b00$c20221121$lBLL01$h1411
=CAT  \\$aIPL-CLA$c20221231$lBLL01$h1447
=CAT  \\$a5410$b40$c20230429$lBLL01$h1143
=CFI  0\$aCurrent copyright fee: GBP34.95$c22\1$e01-jan-2023$fGBP34.95$g0$hP$5Uk
=CFI  2\$aPrevious copyright fee: GBP43.00$c22\1$e01-oct-2021$fGBP43.00$g0$hP$5Uk
=EST  \\$a1
=FFP  \\$aY$bBLDSS-3PM
=FIN  \\$aY$d20121108
=LKR  \\$aPAR$b013309554$lBLL01$r776$mJournal of bioethical inquiry (Online)$nJournal of bioethical inquiry (Print)
=MNI  \\$a1176-7529
=SID  \\$aZ39$bOCLC
=TCO  \\$aNLD$bSTICHTING REPRORECHT$c008
=TCO  \\$aNZL$bCLL$c008
=TOC  \\$aETOC
=UNO  \\$aY
=ACF  \\$aPrevious copyright fee: GBP21.25$c13\1$e01-jan-2009$fGBP21.25$g0$hP$5Uk
=ACF  \\$aPrevious copyright fee: GBP16.75$c13\1$e01-jan-2007$fGBP16.75$g0$hP$5Uk
=ACF  \\$aPrevious Copyright Fee: GBP16.22$c13\1$e01-oct-2006$fGBP16.22$g0$hP$5Uk
=ACF  \\$aPrevious Copyright Fee: GBP17.14$c13\1$e13-sep-2006$fGBP17.14$g0$hP$5Uk
=ACF  \\$aPrevious copyright fee: GBP22.00$c13\1$e01-apr-2009$fGBP22.00$g0$hP$5Uk
=ACF  \\$aPrevious copyright fee: GBP22.00$c13\1$e12-aug-2012$fGBP22.00$g0$hP$5Uk
=ACF  \\$aPrevious copyright fee: GBP25.00$c13\1$e01-jan-2013$fGBP25.00$g0$hP$5Uk
=ACF  \\$aPrevious copyright fee: GBP25.77$c13\1$e01-jul-2013$fGBP25.77$g0$hP$5Uk
=ACF  \\$aPrevious copyright fee: GBP24.97$c13\1$e01-jan-2014$fGBP24.97$g0$hP$5Uk
=ACF  \\$aPrevious copyright fee: GBP24.21$c13\1$e01-jul-2014$fGBP24.21$g0$hP$5Uk
=ACF  \\$aPrevious copyright fee: GBP25.77$c13\1$e01-apr-2015$fGBP25.77$g0$hP$5Uk
=ACF  \\$aPrevious copyright fee: GBP26.63$c13\1$e01-jul-2015$fGBP26.63$g0$hP$5Uk
=ACF  \\$aPrevious copyright fee: GBP25.77$c13\1$e01-oct-2015$fGBP25.77$g0$hP$5Uk
=ACF  \\$aPrevious copyright fee: GBP27.55$c13\1$e01-apr-2016$fGBP27.55$g0$hP$5Uk
=ACF  \\$aPrevious copyright fee: GBP29.59$c13\1$e01-oct-2016$fGBP29.59$g0$hP$5Uk
=ACF  \\$aPrevious copyright fee: GBP31.96$c13\1$e01-apr-2017$fGBP31.96$g0$hP$5Uk
=ACF  \\$aPrevious copyright fee: GBP30.73$c13\1$e01-oct-2017$fGBP30.73$g0$hP$5Uk
=ACF  \\$aPrevious copyright fee: GBP28.54$c13\1$e01-apr-2018$fGBP28.54$g0$hP$5Uk
=ACF  \\$aPrevious copyright fee: GBP34.00$c22\1$e01-jul-2018$fGBP34.00$g0$hP$5Uk
=LAS  \\$a5410$b40$c20230429$lBLL01$h1143

