=LDR  06533cas a2201357 a 4500
=001  013560513
=003  Uk
=005  20221231144753.0
=006  m\\\\\o\\d\\\\\\\\
=007  cr\cn|||||||||
=008  070121d19982006ja\mr\p\o\\\\\0\\\a0eng\d
=FMT  \\$a  SE
=022  \\$a1863-2092$l1344-4964$y1344-4964$y0369-4739
=035  \\$a(OCoLC)79407559
=040  \\$aHNK$beng$cHNK$dCIT$dOCLCQ$dOCM$dVPI$dOCLCQ$dUk
=041  0\$aeng$ajpn
=042  \\$aukblsr
=050  14$aRD536$b.G46
=082  04$a617.54059$223
=130  0\$aJapanese journal of thoracic and cardiovascular surgery (Internet)
=210  1\$aJpn. j. thorac. cardiovasc. surg.$b(Internet)
=222  \4$aThe Japanese journal of thoracic and cardiovascular surgery$b(Internet)
=245  14$aThe Japanese journal of thoracic and cardiovascular surgery$h[electronic resource].
=246  30$aThoracic and cardiovascular surgery
=246  13$aJpn j thorac cardiovasc surg
=246  13$aJJTCVS
=260  \\$aTōkyō :$bNihon Kyōbu Geka Gakkai
=264  31$a[Tokyo?], Japan :$bSpringer Japan
=310  \\$aMonthly
=336  \\$atext$2rdacontent
=337  \\$acomputer$2rdamedia
=338  \\$aonline resource$2rdacarrier
=362  1\$aBegan with v. 46, no. 1 (Jan. 1998); ceased with v. 54, no. 12 (Dec. 2006).
=500  \\$aEditors: Hiromi Kurosawa, Katsuhiko Tatsuno.
=500  \\$aPublisher varies: Springer Japan, Aug. 2006-.
=546  \\$aIn English and Japanese; summaries in both languages.
=550  \\$a"Official publication of the Japanese Association for Thoracic Surgery."
=580  \\$aIncluded with issues of later title: General thoracic and cardiovascular surgery.
=588  \\$aFinal issue consulted.
=588  \\$aDescription based on: V. 49, no. 1 (Jan. 2001); title from journal home page (SpringerLink, viewed Jan. 17, 2007).
=540  \\$aCurrent copyright fee: GBP29.95$c22\1$5Uk
=650  \0$aChest$xSurgery$vPeriodicals.
=650  \0$aCardiovascular system$xDiseases$vPeriodicals.
=650  12$aThoracic Diseases$xsurgery$vPeriodicals.
=650  22$aCardiovascular Diseases$xsurgery$vPeriodicals.
=650  22$aCardiovascular Surgical Procedures$vPeriodicals.
=650  22$aThoracic Surgical Procedures$vPeriodicals.
=700  1\$aKurosawa, H.$q(Hiromi),$d1943-
=700  1\$aTatsuno, Katsuhiko.
=710  2\$aNihon Kyōbu Geka Gakkai.
=776  08$iPrint version:$tJapanese journal of thoracic and cardiovascular surgery$x1344-4964
=780  00$tNihon Kyōbu Geka Gakkai zasshi (Online)
=785  10$tGeneral thoracic and cardiovascular surgery$x1863-6713
=856  \\$31850-9999$uhttp://www.springer.com/gb/$xBLDSS
=856  40$uhttp://link.springer.com/journal/11748
=856  40$uhttp://www.springerlink.com/content/1863-2092/
=859  \\$aXLD$bejournal
=852  41$aBritish Library$bDSC$j4658.868950$3Volume 46:Issue 5(1998)-Volume 54:Issue 12(2006)***See ESTAR for full holdings.
=945  \\$aJapanese journal of thoracic and cardiovascular surgery
=959  \\$fHeld but not currently received
=CAT  \\$a7174$b40$c20060922$lBLL01$h1635
=CAT  \\$aBLDSS-3PM$b00$c20150103$lBLL01$h1045
=CAT  \\$aBATCH-UPD$b00$c20150219$lBLL01$h1805
=CAT  \\$aIPL-CLA$c20150331$lBLL01$h1646
=CAT  \\$aBATCH-UPD$b00$c20150520$lBLL01$h1805
=CAT  \\$aIPL-CLA$c20150630$lBLL01$h1652
=CAT  \\$aBATCH-UPD$b00$c20150820$lBLL01$h1851
=CAT  \\$aIPL-CLA$c20150930$lBLL01$h1814
=CAT  \\$aBATCH-UPD$b00$c20160217$lBLL01$h1743
=CAT  \\$aIPL-CLA$c20160331$lBLL01$h1736
=CAT  \\$aBATCH-UPD$b00$c20160524$lBLL01$h2211
=CAT  \\$aBATCH-UPD$b00$c20160525$lBLL01$h0025
=CAT  \\$aBATCH-UPD$b00$c20160824$lBLL01$h1810
=CAT  \\$aIPL-CLA$c20160930$lBLL01$h1609
=CAT  \\$aBATCH-UPD$b00$c20170216$lBLL01$h1858
=CAT  \\$aIPL-CLA$c20170331$lBLL01$h1849
=CAT  \\$aBATCH-UPD$b00$c20170904$lBLL01$h1909
=CAT  \\$aIPL-CLA$c20170929$lBLL01$h1734
=CAT  \\$aBATCH-UPD$b00$c20180223$lBLL01$h1742
=CAT  \\$aIPL-CLA$c20180331$lBLL01$h1626
=CAT  \\$aBATCH-UPD$b00$c20180524$lBLL01$h1727
=CAT  \\$aIPL-CLA$c20180630$lBLL01$h1920
=CAT  \\$aW1908-0780$b00$c20200730$lBLL01$h1330
=CAT  \\$aCDS21$c20220118$lBLL01$h1105
=CAT  \\$aBATCH-UPD$b00$c20221121$lBLL01$h1401
=CAT  \\$aIPL-CLA$c20221231$lBLL01$h1447
=CFI  0\$aCurrent copyright fee: GBP29.95$c22\1$e01-jan-2023$fGBP29.95$g0$hP$5Uk
=CFI  2\$aPrevious copyright fee: GBP34.00$c22\1$e01-jul-2018$fGBP34.00$g0$hP$5Uk
=EST  \\$a1
=FFP  \\$aY$bBLDSS-3PM
=FIN  \\$aY$d20130911
=LKR  \\$aPAR$b010482053$lBLL01$r776$mJapanese journal of thoracic and cardiovascular surgery (Online)$nJapanese journal of thoracic and cardiovascular surgery (Print).
=MNI  \\$a1344-4964
=SID  \\$aZ39$bOCLC
=TCO  \\$aJPN$bJAACC$c008
=TOC  \\$aETOC
=UNO  \\$aY
=ACF  \\$aPrevious copyright fee: GBP21.25$c23\3$e01-jan-2009$fGBP21.25$g0$hP$5Uk
=ACF  \\$aPrevious Copyright Fee: GBP16.75$c23\3$e01-jan-2007$fGBP16.75$g0$hP$5Uk
=ACF  \\$aPrevious Copyright Fee: GBP16.22$c23\3$e01-oct-2006$fGBP16.22$g0$hP$5Uk
=ACF  \\$aPrevious Copyright Fee: GBP17.14$c23\3$e22-sep-2006$fGBP17.14$g0$hP$5Uk
=ACF  \\$aPrevious copyright fee: GBP22.00$c23\3$e01-apr-2009$fGBP22.00$g0$hP$5Uk
=ACF  \\$aPrevious copyright fee: GBP22.00$c23\3$e12-aug-2012$fGBP22.00$g0$hP$5Uk
=ACF  \\$aPrevious copyright fee: GBP25.00$c23\3$e01-jan-2013$fGBP25.00$g0$hP$5Uk
=ACF  \\$aPrevious copyright fee: GBP25.77$c23\3$e01-jul-2013$fGBP25.77$g0$hP$5Uk
=ACF  \\$aPrevious copyright fee: GBP24.97$c23\3$e01-jan-2014$fGBP24.97$g0$hP$5Uk
=ACF  \\$aPrevious copyright fee: GBP24.21$c23\3$e01-jul-2014$fGBP24.21$g0$hP$5Uk
=ACF  \\$aPrevious copyright fee: GBP25.77$c23\3$e01-apr-2015$fGBP25.77$g0$hP$5Uk
=ACF  \\$aPrevious copyright fee: GBP26.63$c23\3$e01-jul-2015$fGBP26.63$g0$hP$5Uk
=ACF  \\$aPrevious copyright fee: GBP25.77$c23\3$e01-oct-2015$fGBP25.77$g0$hP$5Uk
=ACF  \\$aPrevious copyright fee: GBP27.55$c23\3$e01-apr-2016$fGBP27.55$g0$hP$5Uk
=ACF  \\$aPrevious copyright fee: GBP29.59$c23\3$e01-oct-2016$fGBP29.59$g0$hP$5Uk
=ACF  \\$aPrevious copyright fee: GBP31.96$c23\3$e01-apr-2017$fGBP31.96$g0$hP$5Uk
=ACF  \\$aPrevious copyright fee: GBP30.73$c23\3$e01-oct-2017$fGBP30.73$g0$hP$5Uk
=ACF  \\$aPrevious copyright fee: GBP28.54$c23\3$e01-apr-2018$fGBP28.54$g0$hP$5Uk
=LAS  \\$aIPL-CLA$b00$c20221231$lBLL01$h1447

