=LDR  05905cas a2201309 a 4500
=001  013562266
=003  Uk
=005  20221231144754.0
=006  m\\\\\o\\d\\\\\\\\
=007  cr\un|||||||||
=008  050614c20019999cc\br\pso\\\\\0\\\a0eng\d
=FMT  \\$a  SE
=022  \\$a1861-9568$l1009-637X
=035  \\$a(OCoLC)60628917
=040  \\$aOCLCS$beng$cOCLCS$dOCL$dCIT$dVPI$dOCLCQ$dUk
=043  \\$aa-cc---
=050  \4$aG1
=082  04$a910$223
=130  0\$aJournal of geographical sciences (Online)
=210  1\$aJ. geogr. sci.$b(Internet)
=222  \0$aJournal of geographical sciences$b(Internet)
=245  10$aJournal of geographical sciences$h[electronic resource].
=246  31$aActa geographica sinica
=246  13$aDi li xue bao
=246  13$aDili xuebao
=246  13$aGeograficheskiĭ vestnik
=260  \\$aBeijing, China :$bScience Press
=264  31$a[China?] :$bSpringer, part ofSpringer Science + Business Media
=310  \\$aBimonthly,$b2009-
=321  \\$aQuarterly,$b2001-2008
=336  \\$atext$2rdacontent
=337  \\$acomputer$2rdamedia
=338  \\$aonline resource$2rdacarrier
=362  1\$aBegan with v. 11, no. 1 (Jan. 2001).
=550  \\$aSponsored by: Institute of Geographic Sciences and Natural Resources Research, Chinese Academy of Sciences, and: Geographical Society of China.
=588  \\$aDescription based on print version record.
=588  \\$aLatest issue consulted: volume 23, issue 5 (October 2013).
=540  \\$aCurrent copyright fee: GBP29.95$c22\1$5Uk
=650  \0$aGeography$vPeriodicals.
=650  \0$aGeography$zChina$vPeriodicals.
=650  \6$aGéographie$zChine$vPériodiques.
=655  \0$aElectronic journals.
=710  2\$aZhongguo ke xue yuan.$bDi li ke xue yu zi yuan yan jiu suo.
=710  2\$aZhongguo di li xue hui.
=776  08$iPrint version:$tJournal of geographical sciences$x1009-637X
=780  00$tJournal of Chinese geography
=856  \\$31850-9999$uhttp://www.springer.com/gb/$xBLDSS
=856  40$uhttp://www.maney.co.uk/search?fwaction=show&fwid=359
=856  40$uhttp://www.springerlink.com/content/119805
=859  \\$aXLD$bejournal
=852  \\$aBritish Library$bDSC$j4991.970100$3Volume 11:Issue 1(2001)-Volume 28:Issue 4(2018)***See ESTAR for full holdings.
=945  \\$aJournal of geographical sciences
=959  \\$fHeld but not currently received
=979  \\$aBritish Library$bDSC$j4991.970100
=985  \\$aCONFERENCE ANALYTIC RECORDS EXIST
=CAT  \\$a7174$b40$c20060926$lBLL01$h1604
=CAT  \\$aIPL-CLA$c20150331$lBLL01$h1646
=CAT  \\$aBATCH-UPD$b00$c20150520$lBLL01$h1934
=CAT  \\$aIPL-CLA$c20150630$lBLL01$h1652
=CAT  \\$aBATCH-UPD$b00$c20150820$lBLL01$h2004
=CAT  \\$aIPL-CLA$c20150930$lBLL01$h1814
=CAT  \\$aBATCH-UPD$b00$c20160217$lBLL01$h1902
=CAT  \\$aIPL-CLA$c20160331$lBLL01$h1736
=CAT  \\$aBATCH-UPD$b00$c20160524$lBLL01$h2157
=CAT  \\$aBATCH-UPD$b00$c20160524$lBLL01$h2251
=CAT  \\$aBATCH-UPD$b00$c20160824$lBLL01$h1923
=CAT  \\$aIPL-CLA$c20160930$lBLL01$h1609
=CAT  \\$aBATCH-UPD$b00$c20170216$lBLL01$h2010
=CAT  \\$aIPL-CLA$c20170331$lBLL01$h1850
=CAT  \\$aBATCH-UPD$b00$c20170904$lBLL01$h2043
=CAT  \\$aIPL-CLA$c20170929$lBLL01$h1734
=CAT  \\$aBATCH-UPD$b00$c20180223$lBLL01$h1941
=CAT  \\$aIPL-CLA$c20180331$lBLL01$h1626
=CAT  \\$aW1805-0475$c20180520$lBLL01$h1632
=CAT  \\$aBATCH-UPD$b00$c20180524$lBLL01$h1814
=CAT  \\$aIPL-CLA$c20180630$lBLL01$h1920
=CAT  \\$aW1908-0780$b00$c20200730$lBLL01$h1330
=CAT  \\$aCDS21$c20220118$lBLL01$h1105
=CAT  \\$aBATCH-UPD$b00$c20221121$lBLL01$h1401
=CAT  \\$a5410$b40$c20221206$lBLL01$h1342
=CAT  \\$aIPL-CLA$c20221231$lBLL01$h1447
=CFI  0\$aCurrent copyright fee: GBP29.95$c22\1$e01-jan-2023$fGBP29.95$g0$hP$5Uk
=CFI  2\$aPrevious copyright fee: GBP34.00$c22\1$e01-jul-2018$fGBP34.00$g0$hP$5Uk
=EST  \\$a1
=FFP  \\$aY$bBLDSS-3PM
=FIN  \\$aY$d20130828
=LKR  \\$aPAR$b010489770$lBLL01$r776$mJournal of geographical sciences (Online)$nJournal of geographical sciences (Print)
=MNI  \\$a1009-637X
=SID  \\$aZ39$bOCLC
=TCO  \\$aZZZ$c008
=TCO  \\$aXXX$c008
=TOC  \\$aETOC
=UNO  \\$aY
=ACF  \\$aPrevious copyright fee: GBP21.25$c4\6$e01-jan-2009$fGBP21.25$g0$hP$5Uk
=ACF  \\$aPrevious copyright fee: GBP16.75$c4\6$e01-jan-2007$fGBP16.75$g0$hP$5Uk
=ACF  \\$aPrevious Copyright Fee: GBP16.22$c4\6$e01-oct-2006$fGBP16.22$g0$hP$5Uk
=ACF  \\$aPrevious Copyright Fee: GBP17.14$c4\6$e26-sep-2006$fGBP17.14$g0$hP$5Uk
=ACF  \\$aPrevious copyright fee: GBP22.00$c4\6$e01-apr-2009$fGBP22.00$g0$hP$5Uk
=ACF  \\$aPrevious copyright fee: GBP22.00$c4\6$e12-aug-2012$fGBP22.00$g0$hP$5Uk
=ACF  \\$aPrevious copyright fee: GBP25.00$c4\6$e01-jan-2013$fGBP25.00$g0$hP$5Uk
=ACF  \\$aPrevious copyright fee: GBP25.77$c4\6$e01-jul-2013$fGBP25.77$g0$hP$5Uk
=ACF  \\$aPrevious copyright fee: GBP24.97$c4\6$e01-jan-2014$fGBP24.97$g0$hP$5Uk
=ACF  \\$aPrevious copyright fee: GBP24.21$c4\6$e01-jul-2014$fGBP24.21$g0$hP$5Uk
=ACF  \\$aPrevious copyright fee: GBP25.77$c4\6$e01-apr-2015$fGBP25.77$g0$hP$5Uk
=ACF  \\$aPrevious copyright fee: GBP26.63$c4\6$e01-jul-2015$fGBP26.63$g0$hP$5Uk
=ACF  \\$aPrevious copyright fee: GBP25.77$c4\6$e01-oct-2015$fGBP25.77$g0$hP$5Uk
=ACF  \\$aPrevious copyright fee: GBP27.55$c4\6$e01-apr-2016$fGBP27.55$g0$hP$5Uk
=ACF  \\$aPrevious copyright fee: GBP29.59$c4\6$e01-oct-2016$fGBP29.59$g0$hP$5Uk
=ACF  \\$aPrevious copyright fee: GBP31.96$c4\6$e01-apr-2017$fGBP31.96$g0$hP$5Uk
=ACF  \\$aPrevious copyright fee: GBP30.73$c4\6$e01-oct-2017$fGBP30.73$g0$hP$5Uk
=ACF  \\$aPrevious copyright fee: GBP28.54$c4\6$e01-apr-2018$fGBP28.54$g0$hP$5Uk
=LAS  \\$aIPL-CLA$b00$c20221231$lBLL01$h1447

