=LDR  05349cas a2201141 i 4500
=001  013571232
=003  Uk
=005  20221231144755.0
=006  m\\\\\|\\d\|\\\\\\
=007  cr\|||||||||||
=008  061009c19579999ru\br\p\o\\\\\0\\\a0eng\\
=FMT  \\$a  SE
=022  0\$a1555-6654$y0006-3509
=040  \\$aUk$beng$cUk$erda
=042  \\$aukblsr
=082  04$a571.4$223
=130  0\$aBiofizika.$lEnglish.
=210  0\$aBiophysics$b(Moscow. Online)
=222  \0$aBiophysics$b(Moscow. Online)
=245  10$aBiophysics.
=264  \1$a[Moscow] :$b[MAIK Nauka/Interperiodica] ;$a[New York] :$bPleiades Publishing,$c[1957]-
=264  \2$a[Heidelberg] :$bSpringer,$c2006-
=300  \\$billustrations (black and white)
=310  \\$aBimonthly
=336  \\$atext$2rdacontent
=337  \\$acomputer$2rdamedia
=338  \\$aonline resource$2rdacarrier
=362  0\$aPrint began with: vol. 2, no. 1 (1957).
=546  \\$aPrint version is cover to cover translation into English of: Biofizika.
=588  \\$aDescription based on: volume 51, issue 1 (January-February 2006); title from journal home page (SpringerLink, viewed February 26, 2015).
=588  \\$aLatest issue consulted: volume 59, issue 6 (November 2014) (viewed February 26, 2015).
=540  \\$aCurrent copyright fee: GBP29.95$c22\1$5Uk
=650  \0$aBiophysics$vPeriodicals.
=765  08$iRussian version issued online as:$tBiofizika
=776  08$iAlso issued in print as:$tBiofizika. English$x0006-3509
=856  40$uhttp://link.springer.com/journal/11439
=856  40$uhttp://www.maik.ru/cgi-perl/journal.pl?lang=eng&name=biophys&page=online
=856  40$31850-9999$uhttp://www.springer.com/gb/$xBLDSS
=859  \\$aXLD$bejournal
=852  \\$aBritish Library$bDSC$j0406.100000$3Volume 51:Issue 1(2006)-Volume 62:Issue 6(2017)***See ESTAR for full holdings.
=945  \\$aBiophysics -Pergamon then Maik Nauka- c/c of Biofizika
=959  \\$fHeld but not currently received
=979  \\$aBritish Library$bDSC$j0406.100000
=CAT  \\$a7174$b40$c20061009$lBLL01$h1336
=CAT  \\$aIPL-CLA$c20150331$lBLL01$h1646
=CAT  \\$aBATCH-UPD$b00$c20150520$lBLL01$h1927
=CAT  \\$aIPL-CLA$c20150630$lBLL01$h1652
=CAT  \\$aBATCH-UPD$b00$c20150820$lBLL01$h1957
=CAT  \\$aIPL-CLA$c20150930$lBLL01$h1814
=CAT  \\$aBATCH-UPD$b00$c20160217$lBLL01$h1856
=CAT  \\$aIPL-CLA$c20160331$lBLL01$h1736
=CAT  \\$aBATCH-UPD$b00$c20160518$lBLL01$h1044
=CAT  \\$aBATCH-UPD$b00$c20160524$lBLL01$h2157
=CAT  \\$aBATCH-UPD$b00$c20160824$lBLL01$h1914
=CAT  \\$aIPL-CLA$c20160930$lBLL01$h1609
=CAT  \\$aBATCH-UPD$b00$c20170216$lBLL01$h1959
=CAT  \\$aIPL-CLA$c20170331$lBLL01$h1850
=CAT  \\$aBATCH-UPD$b00$c20170904$lBLL01$h2030
=CAT  \\$aIPL-CLA$c20170929$lBLL01$h1734
=CAT  \\$aBATCH-UPD$b00$c20180223$lBLL01$h1929
=CAT  \\$aIPL-CLA$c20180331$lBLL01$h1626
=CAT  \\$aW1805-0475$c20180520$lBLL01$h1632
=CAT  \\$aBATCH-UPD$b00$c20180524$lBLL01$h1809
=CAT  \\$aIPL-CLA$c20180630$lBLL01$h1920
=CAT  \\$aW1908-0780$b00$c20200730$lBLL01$h1330
=CAT  \\$aCDS21$c20220118$lBLL01$h1105
=CAT  \\$aBATCH-UPD$b00$c20221121$lBLL01$h1401
=CAT  \\$a5410$b40$c20221211$lBLL01$h1343
=CAT  \\$aIPL-CLA$c20221231$lBLL01$h1447
=CFI  0\$aCurrent copyright fee: GBP29.95$c22\1$e01-jan-2023$fGBP29.95$g0$hP$5Uk
=CFI  2\$aPrevious copyright fee: GBP34.00$c22\1$e01-jul-2018$fGBP34.00$g0$hP$5Uk
=EST  \\$a1
=FFP  \\$aY$bBLDSS-3PM
=FIN  \\$aY$d20150226
=LKR  \\$aPAR$b009180668$lBLL01$nBiophysics (Print)$mBiophysics (Online)$r776
=MNI  \\$a0006-3509
=TCO  \\$aCLA$bCLA$c008
=TOC  \\$aETOC
=UNO  \\$aY
=ACF  \\$aPrevious copyright fee: GBP21.25$c4\3$e01-jan-2009$fGBP21.25$g0$hP$5Uk
=ACF  \\$aPrevious copyright fee: GBP16.75$c4\3$e01-jan-2007$fGBP16.75$g0$hP$5Uk
=ACF  \\$aPrevious Copyright Fee: GBP16.22$c4\3$e07-nov-2006$fGBP16.22$g0$hP$5Uk
=ACF  \\$aCurrent Copyright Fee: GBP11.25$c14\0$e09-oct-2006$fGBP11.25$g0$hP$5Uk
=ACF  \\$aPrevious copyright fee: GBP22.00$c4\3$e01-apr-2009$fGBP22.00$g0$hP$5Uk
=ACF  \\$aPrevious copyright fee: GBP22.00$c4\3$e12-aug-2012$fGBP22.00$g0$hP$5Uk
=ACF  \\$aPrevious copyright fee: GBP25.00$c4\3$e01-jan-2013$fGBP25.00$g0$hP$5Uk
=ACF  \\$aPrevious copyright fee: GBP25.77$c4\3$e01-jul-2013$fGBP25.77$g0$hP$5Uk
=ACF  \\$aPrevious copyright fee: GBP24.97$c4\3$e01-jan-2014$fGBP24.97$g0$hP$5Uk
=ACF  \\$aPrevious copyright fee: GBP24.21$c4\3$e01-jul-2014$fGBP24.21$g0$hP$5Uk
=ACF  \\$aPrevious copyright fee: GBP25.77$c4\3$e01-apr-2015$fGBP25.77$g0$hP$5Uk
=ACF  \\$aPrevious copyright fee: GBP26.63$c4\3$e01-jul-2015$fGBP26.63$g0$hP$5Uk
=ACF  \\$aPrevious copyright fee: GBP25.77$c4\3$e01-oct-2015$fGBP25.77$g0$hP$5Uk
=ACF  \\$aPrevious copyright fee: GBP27.55$c4\3$e01-apr-2016$fGBP27.55$g0$hP$5Uk
=ACF  \\$aPrevious copyright fee: GBP29.59$c4\3$e01-oct-2016$fGBP29.59$g0$hP$5Uk
=ACF  \\$aPrevious copyright fee: GBP31.96$c4\3$e01-apr-2017$fGBP31.96$g0$hP$5Uk
=ACF  \\$aPrevious copyright fee: GBP30.73$c4\3$e01-oct-2017$fGBP30.73$g0$hP$5Uk
=ACF  \\$aPrevious copyright fee: GBP28.54$c4\3$e01-apr-2018$fGBP28.54$g0$hP$5Uk
=LAS  \\$aIPL-CLA$b00$c20221231$lBLL01$h1447

