=LDR  05994cas a2201237 i 4500
=001  013571869
=003  Uk
=005  20221231144755.0
=006  m\\\\\|\\d\|\\\\\\
=007  cr\|||||||||||
=008  061010c20069999gw\\x\p\o\\\\\0\\\a0eng\\
=FMT  \\$a  SE
=022  0\$a1861-0714$y1861-0706
=040  \\$aUk$beng$cUk$dUk$erda
=041  0\$aeng$ager
=042  \\$aukblsr
=082  04$a616.12005$223
=210  0\$aClin. res. cardiol. suppl.$b(Internet)
=222  \0$aClinical research in cardiology supplements$b(Internet)
=245  00$aClinical research in cardiology supplements.
=246  13$aClinical research in cardiology.$pSupplements
=246  13$aCRICS
=264  \1$aBerlin :$bSpringer,$c2006-
=300  \\$billustrations (black and white, and colour)
=310  \\$aIrregular
=336  \\$atext$2rdacontent
=337  \\$acomputer$2rdamedia
=338  \\$aonline resource$2rdacarrier
=362  0\$aVolume 1, issue 1 (September 2006)-
=500  \\$aTitle from journal home page (SpringerLink, viewed March 11, 2015).
=546  \\$aIn English or German.
=550  \\$aParent journal is the official journal of the German Cardiac Society.
=588  \\$aLatest issue consulted: volume 8, issue 1 supplement (April 2013) (viewed March 11, 2015).
=540  \\$aCurrent copyright fee: GBP34.95$c22\1$5Uk
=650  \0$aCardiology$vPeriodicals.
=650  \0$aCardiovascular system$xSurgery$vPeriodicals.
=710  2\$aDeutsche Gesellschaft für Kardiologie - Herz- und Kreislaufforschung,$eissuing body.
=772  0\$tClinical research in cardiology$x1861-0692
=776  08$iAlso issued in print as:$tClinical research in cardiology. Supplement$x1861-0706
=780  00$tZeitschrift für Kardiologie. Supplemente$x1435-1471
=787  0\$tKardiologe$x1864-9726
=856  40$uhttp://link.springer.com/journal/11789
=856  40$uhttp://dgk.org/publikationen/zeitschriften/der-kardiologe/
=856  40$31850-9999$uhttp://www.springer.com/gb/$xBLDSS
=859  \\$aXLD$bejournal
=852  \\$aBritish Library$bDSC$j3286.372291$3Volume 1:Issue 1(2006)-Volume 5:Issue 1(2010)Supplement 1***See ESTAR for full holdings.
=945  \\$aClinical research in cardiology -Supplement-
=959  \\$fHeld but not currently received
=979  \\$aBritish Library$bDSC$j3286.372291
=CAT  \\$a7174$b40$c20061010$lBLL01$h1056
=CAT  \\$aBATCH-UPD$b00$c20150820$lBLL01$h2115
=CAT  \\$a11316$b40$c20150903$lBLL01$h1447
=CAT  \\$aIPL-CLA$c20150930$lBLL01$h1814
=CAT  \\$aBATCH-UPD$b00$c20160217$lBLL01$h1748
=CAT  \\$aIPL-CLA$c20160331$lBLL01$h1736
=CAT  \\$aBATCH-UPD$b00$c20160524$lBLL01$h2211
=CAT  \\$aBATCH-UPD$b00$c20160525$lBLL01$h0025
=CAT  \\$aBATCH-UPD$b00$c20160824$lBLL01$h1815
=CAT  \\$aIPL-CLA$c20160930$lBLL01$h1609
=CAT  \\$aBATCH-UPD$b00$c20170216$lBLL01$h1904
=CAT  \\$aIPL-CLA$c20170331$lBLL01$h1850
=CAT  \\$aBATCH-UPD$b00$c20170904$lBLL01$h1916
=CAT  \\$aIPL-CLA$c20170929$lBLL01$h1734
=CAT  \\$aBATCH-UPD$b00$c20180223$lBLL01$h1748
=CAT  \\$aIPL-CLA$c20180331$lBLL01$h1626
=CAT  \\$aW1805-0475$c20180520$lBLL01$h1632
=CAT  \\$aBATCH-UPD$b00$c20180524$lBLL01$h1733
=CAT  \\$aIPL-CLA$c20180630$lBLL01$h1920
=CAT  \\$aW1908-0780$b00$c20200730$lBLL01$h1330
=CAT  \\$a5552$b40$c20210811$lBLL01$h0658
=CAT  \\$aIPL-CLA$c20210930$lBLL01$h1528
=CAT  \\$aCDS21$c20220118$lBLL01$h1105
=CAT  \\$aBATCH-UPD$b00$c20221121$lBLL01$h1411
=CAT  \\$a5410$b40$c20221211$lBLL01$h1330
=CAT  \\$aIPL-CLA$c20221231$lBLL01$h1447
=CFI  0\$aCurrent copyright fee: GBP34.95$c22\1$e01-jan-2023$fGBP34.95$g0$hP$5Uk
=CFI  2\$aPrevious copyright fee: GBP43.00$c22\1$e01-oct-2021$fGBP43.00$g0$hP$5Uk
=EST  \\$a1
=FFP  \\$aY$bBLDSS-3PM
=FIN  \\$aY$d20150311
=LKR  \\$aPAR$b013417393$lBLL01$r772$mClinical research in cardiology supplements (Online)$nClinical research in cardiology (Online)
=LKR  \\$aPAR$b013421690$lBLL01$nClinical research in cardiology supplements (Print)$mClinical research in cardiology supplements (Online)$r776
=LKR  \\$aPAR$b013776992$lBLL01$r787$mClinical research in cardiology supplements (Online)$nDer Kardiologe (Online)
=MNI  \\$a1861-0706
=TCO  \\$aDEU$bVG WORT$c008
=TOC  \\$aETOC
=UNO  \\$aY
=ACF  \\$aPrevious copyright fee: GBP21.25$c22\3$e01-jan-2009$fGBP21.25$g0$hP$5Uk
=ACF  \\$aPrevious copyright fee: GBP16.75$c22\3$e01-jan-2007$fGBP16.75$g0$hP$5Uk
=ACF  \\$aPrevious Copyright Fee: GBP16.22$c22\3$e10-oct-2006$fGBP16.22$g0$hP$5Uk
=ACF  \\$aPrevious copyright fee: GBP22.00$c23\7$e01-apr-2009$fGBP22.00$g0$hP$5Uk
=ACF  \\$aPrevious copyright fee: GBP22.00$c23\7$e12-aug-2012$fGBP22.00$g0$hP$5Uk
=ACF  \\$aPrevious copyright fee: GBP25.00$c23\7$e01-jan-2013$fGBP25.00$g0$hP$5Uk
=ACF  \\$aPrevious copyright fee: GBP25.77$c23\7$e01-jul-2013$fGBP25.77$g0$hP$5Uk
=ACF  \\$aPrevious copyright fee: GBP24.97$c23\7$e01-jan-2014$fGBP24.97$g0$hP$5Uk
=ACF  \\$aPrevious copyright fee: GBP24.21$c23\7$e01-jul-2014$fGBP24.21$g0$hP$5Uk
=ACF  \\$aPrevious copyright fee: GBP25.77$c23\7$e01-apr-2015$fGBP25.77$g0$hP$5Uk
=ACF  \\$aPrevious copyright fee: GBP26.63$c23\7$e01-jul-2015$fGBP26.63$g0$hP$5Uk
=ACF  \\$aPrevious copyright fee: GBP25.77$c23\7$e01-oct-2015$fGBP25.77$g0$hP$5Uk
=ACF  \\$aPrevious copyright fee: GBP27.55$c23\7$e01-apr-2016$fGBP27.55$g0$hP$5Uk
=ACF  \\$aPrevious copyright fee: GBP29.59$c23\7$e01-oct-2016$fGBP29.59$g0$hP$5Uk
=ACF  \\$aPrevious copyright fee: GBP31.96$c23\7$e01-apr-2017$fGBP31.96$g0$hP$5Uk
=ACF  \\$aPrevious copyright fee: GBP30.73$c23\7$e01-oct-2017$fGBP30.73$g0$hP$5Uk
=ACF  \\$aPrevious copyright fee: GBP28.54$c23\7$e01-apr-2018$fGBP28.54$g0$hP$5Uk
=ACF  \\$aPrevious copyright fee: GBP34.00$c22\1$e01-jul-2018$fGBP34.00$g0$hP$5Uk
=LAS  \\$aIPL-CLA$b00$c20221231$lBLL01$h1447

