=LDR  05623cas a2201177 a 4500
=001  013574698
=003  Uk
=005  20221231144756.0
=006  m\\\\\o\\d\\\\\\\\
=007  cr\mnu||||||||
=008  990729d19932000ne\tr\pso\\\\\0\\\a0eng\d
=FMT  \\$a  SE
=022  \\$a1573-9023
=035  \\$a(OCoLC)41976784
=037  \\$bKluwer Academic Publishers, Spuiboulevard 50, P.O. Box 17, 3300 AA Dordrecht, The Netherlands
=040  \\$aF#A$beng$cF#A$dOCLCQ$dGUA$dOCLCQ$dSYB$dU9S$dOCLCQ$dOCLCO$dOCLCQ$dUk
=042  \\$aukblsr
=050  14$aRS420$b.P47
=082  04$a615.1$223
=130  0\$aPerspectives in drug discovery and design (Online)
=222  \0$aPerspectives in drug discovery and design$b(Dordrecht. Online)
=245  10$aPerspectives in drug discovery and design$h[electronic resource].
=260  \\$a[Dordrecht] :$bKluwer Academic Publishers
=264  31$a[Germany?] :$bSpringer
=310  \\$aThree no. a year
=336  \\$atext$2rdacontent
=337  \\$acomputer$2rdamedia
=338  \\$aonline resource$2rdacarrier
=362  1\$aPrint began with vol. 1, no. 1 (Aug. 1993); print ceased with v. 20 (2000).
=530  \\$aAlso issued in print.
=538  \\$aMode of access: World Wide Web.
=588  \\$aDescription based on: Vol. 7, no. 1 (1997); title from journal information screen (viewed June 21, 1999).
=588  \\$aLatest issue consulted: volume 20, issue 1 (12-2000)(SpringerLink, viewed Aug. 28, 2013).
=540  \\$aCurrent copyright fee: GBP29.95$c22\1$5Uk
=650  \0$aDrugs$xDesign$vPeriodicals.
=650  \0$aDevelopmental pharmacology$vPeriodicals.
=650  \6$aMédicaments$xConception$vPériodiques.
=785  04$tJournal of computer aided molecular design$x1573-4951
=776  1\$tPerspectives in drug discovery and design$x0928-2866
=856  \\$31850-9999$uhttp://www.springer.com/gb/$xBLDSS
=856  40$uhttp://link.springer.com/journal/volumesAndIssues/11091
=856  40$uhttp://www.kluweronline.com/issn/0928-2866/contents
=859  \\$aXLD$bejournal
=852  \\$aBritish Library$bDSC$j6428.141575$3Volume 18(2000)-Volume 20(2000)***See ESTAR for full holdings.
=945  \\$aPerspectives in drug discovery and design
=959  \\$fHeld but not currently received
=CAT  \\$a7174$b40$c20061012$lBLL01$h1030
=CAT  \\$aBLDSS-3PM$b00$c20150103$lBLL01$h1045
=CAT  \\$aBATCH-UPD$b00$c20150219$lBLL01$h1643
=CAT  \\$aIPL-CLA$c20150331$lBLL01$h1646
=CAT  \\$aBATCH-UPD$b00$c20150520$lBLL01$h1702
=CAT  \\$aIPL-CLA$c20150630$lBLL01$h1652
=CAT  \\$aBATCH-UPD$b00$c20150820$lBLL01$h1752
=CAT  \\$aIPL-CLA$c20150930$lBLL01$h1814
=CAT  \\$aBATCH-UPD$b00$c20160217$lBLL01$h1638
=CAT  \\$aIPL-CLA$c20160331$lBLL01$h1736
=CAT  \\$aBATCH-UPD$b00$c20160524$lBLL01$h2157
=CAT  \\$aBATCH-UPD$b00$c20160524$lBLL01$h2251
=CAT  \\$aBATCH-UPD$b00$c20160824$lBLL01$h1715
=CAT  \\$aIPL-CLA$c20160930$lBLL01$h1609
=CAT  \\$aBATCH-UPD$b00$c20170216$lBLL01$h1802
=CAT  \\$aIPL-CLA$c20170331$lBLL01$h1850
=CAT  \\$aBATCH-UPD$b00$c20170904$lBLL01$h1804
=CAT  \\$aIPL-CLA$c20170929$lBLL01$h1734
=CAT  \\$aBATCH-UPD$b00$c20180223$lBLL01$h1620
=CAT  \\$aIPL-CLA$c20180331$lBLL01$h1626
=CAT  \\$aBATCH-UPD$b00$c20180524$lBLL01$h1653
=CAT  \\$aIPL-CLA$c20180630$lBLL01$h1920
=CAT  \\$aW1908-0780$b00$c20200730$lBLL01$h1330
=CAT  \\$aCDS21$c20220118$lBLL01$h1105
=CAT  \\$aBATCH-UPD$b00$c20221121$lBLL01$h1401
=CAT  \\$aIPL-CLA$c20221231$lBLL01$h1447
=CFI  0\$aCurrent copyright fee: GBP29.95$c22\1$e01-jan-2023$fGBP29.95$g0$hP$5Uk
=CFI  2\$aPrevious copyright fee: GBP34.00$c22\1$e01-jul-2018$fGBP34.00$g0$hP$5Uk
=EST  \\$a1
=FFP  \\$aY$bBLDSS-3PM
=FIN  \\$aY$d20130828
=LKR  \\$aPAR$b008909355$lBLL01$r776$mPerspectives in drug discovery and design (Online)$nPerspectives in drug discovery and design (Print)
=MNI  \\$a0928-2866
=SID  \\$aZ39$bOCLC
=TCO  \\$aNLD$bSTICHTING REPRORECHT$c008
=TOC  \\$aETOC
=UNO  \\$aY
=ACF  \\$aPrevious copyright fee: GBP21.25$c13\1$e01-jan-2009$fGBP21.25$g0$hP$5Uk
=ACF  \\$aPrevious copyright fee: GBP16.75$c13\1$e08-jan-2007$fGBP16.75$g0$hP$5Uk
=ACF  \\$aCurrent Copyright Fee: GBP16.22$c13\1$e12-oct-2006$fGBP16.22$g0$hP$5Uk
=ACF  \\$aPrevious copyright fee: GBP22.00$c13\1$e01-apr-2009$fGBP22.00$g0$hP$5Uk
=ACF  \\$aPrevious copyright fee: GBP22.00$c13\1$e12-aug-2012$fGBP22.00$g0$hP$5Uk
=ACF  \\$aPrevious copyright fee: GBP25.00$c13\1$e01-jan-2013$fGBP25.00$g0$hP$5Uk
=ACF  \\$aPrevious copyright fee: GBP25.77$c13\1$e01-jul-2013$fGBP25.77$g0$hP$5Uk
=ACF  \\$aPrevious copyright fee: GBP24.97$c13\1$e01-jan-2014$fGBP24.97$g0$hP$5Uk
=ACF  \\$aPrevious copyright fee: GBP24.21$c13\1$e01-jul-2014$fGBP24.21$g0$hP$5Uk
=ACF  \\$aPrevious copyright fee: GBP25.77$c13\1$e01-apr-2015$fGBP25.77$g0$hP$5Uk
=ACF  \\$aPrevious copyright fee: GBP26.63$c13\1$e01-jul-2015$fGBP26.63$g0$hP$5Uk
=ACF  \\$aPrevious copyright fee: GBP25.77$c13\1$e01-oct-2015$fGBP25.77$g0$hP$5Uk
=ACF  \\$aPrevious copyright fee: GBP27.55$c13\1$e01-apr-2016$fGBP27.55$g0$hP$5Uk
=ACF  \\$aPrevious copyright fee: GBP29.59$c13\1$e01-oct-2016$fGBP29.59$g0$hP$5Uk
=ACF  \\$aPrevious copyright fee: GBP31.96$c13\1$e01-apr-2017$fGBP31.96$g0$hP$5Uk
=ACF  \\$aPrevious copyright fee: GBP30.73$c13\1$e01-oct-2017$fGBP30.73$g0$hP$5Uk
=ACF  \\$aPrevious copyright fee: GBP28.54$c13\1$e01-apr-2018$fGBP28.54$g0$hP$5Uk
=LAS  \\$aIPL-CLA$b00$c20221231$lBLL01$h1447

