=LDR  04573cas a2201009 i 4500
=001  016415161
=003  Uk
=005  20230511163050.0
=006  m\\\\\\\\d\\\\\\\\
=007  cr\|||||||||||
=008  130308c20139999gw\uu\p\s\\\\\0\\\a0eng\\
=FMT  \\$a  SE
=022  \\$a2193-9446$y2193-9438
=040  \\$aUk$beng$cUk$erda
=042  \\$aukblsr
=082  04$a658.4034$223
=245  00$aEURO Journal on decision processes.
=246  3\$aAssociation of European Operational Research Societies journal on decision processes
=246  13$aEJDP
=264  \1$a[Heidelberg?] :$bSpringer,$c2013-
=336  \\$atext$2rdacontent
=337  \\$acomputer$2rdamedia
=338  \\$aonline resource$2rdacarrier
=362  0\$aVolume 1, issue 1/2 (June 2013)-
=500  \\$aTitle from table of contents page (SpringerLink, viewed June 20, 2013).
=540  \\$aCurrent copyright fee: zero$c5\1$5Uk
=650  \0$aDecision making$vPeriodicals.
=650  \0$aOperations research$vPeriodicals.
=690  7\$aManagement and Business Studies$2blcoll
=710  2\$aAssociation of European Operational Research Societies,$eissuing body.
=856  \\$31850-9999$uhttp://www.springer.com/gb/$xBLDSS
=856  40$uhttp://link.springer.com/journal/40070
=859  \\$aXLD$bejournal
=852  41$aBritish Library$bDSC$j3829.233800$3Volume 1:Issue 1/2(2013)-Volume 5:Issue 1/4(2017)***See ESTAR for full holdings.
=945  \\$aEURO Journal on decision processes
=959  \\$fHeld but not currently received
=979  \\$aBritish Library$bDSC$j3829.233800
=985  \\$aPrint and online ISSNs both free on portal, though quoted by the online journal homepage, 20/6/13
=CAT  \\$a12654$b40$c20130520$lBLL01$h1205
=CAT  \\$aBATCH-UPD$b00$c20160217$lBLL01$h1721
=CAT  \\$aIPL-CLA$c20160331$lBLL01$h1812
=CAT  \\$aBATCH-UPD$b00$c20160524$lBLL01$h2215
=CAT  \\$aBATCH-UPD$b00$c20160525$lBLL01$h0056
=CAT  \\$aBATCH-UPD$b00$c20160824$lBLL01$h1750
=CAT  \\$aIPL-CLA$c20160930$lBLL01$h1638
=CAT  \\$aBATCH-UPD$b00$c20170216$lBLL01$h1837
=CAT  \\$aIPL-CLA$c20170331$lBLL01$h1916
=CAT  \\$aBATCH-UPD$b00$c20170904$lBLL01$h1845
=CAT  \\$aIPL-CLA$c20170929$lBLL01$h1802
=CAT  \\$aBATCH-UPD$b00$c20180223$lBLL01$h1706
=CAT  \\$aIPL-CLA$c20180331$lBLL01$h1705
=CAT  \\$aW1805-0475$c20180520$lBLL01$h1632
=CAT  \\$aBATCH-UPD$b00$c20180524$lBLL01$h1709
=CAT  \\$aIPL-CLA$c20180630$lBLL01$h1938
=CAT  \\$aW1908-0780$b00$c20200730$lBLL01$h1333
=CAT  \\$a5552$b40$c20200819$lBLL01$h0802
=CAT  \\$a12654$b40$c20210623$lBLL01$h1223
=CAT  \\$aBATCH-UNOD$c20210629$lBLL01$h2248
=CAT  \\$aBATCH-UPD$b00$c20211119$lBLL01$h1602
=CAT  \\$aIPL-CLA$c20211231$lBLL01$h1545
=CAT  \\$aCDS21$c20220118$lBLL01$h1105
=CAT  \\$a12654$b40$c20230321$lBLL01$h0847
=CAT  \\$a12654$b40$c20230321$lBLL01$h0848
=CAT  \\$a5410$b40$c20230415$lBLL01$h1658
=CAT  \\$aBATCH-FIX$c20230511$lBLL01$h1630
=CFI  0\$aCurrent copyright fee: zero$c5\1$e21-mar-2023$fGBP0.00$g0$hP$5Uk
=CFI  2\$aPrevious copyright fee: GBP34.30$c5\1$e01-jan-2022$fGBP34.30$g0$hP$5Uk
=EST  \\$a1
=FFP  \\$aY$bBLDSS-3PM
=FIN  \\$aY$d20130620
=MNI  \\$a2193-9438
=TOC  \\$aETOC
=ACF  \\$aPrevious copyright fee: GBP32.84$c5\1$e23-jun-2021$fGBP32.84$g0$hP$5Uk
=ACF  \\$aPrevious copyright fee: GBP25.00$c22\1$e20-may-2013$fGBP25.00$g0$hP$5Uk
=ACF  \\$aPrevious copyright fee: GBP25.77$c22\1$e01-jul-2013$fGBP25.77$g0$hP$5Uk
=ACF  \\$aPrevious copyright fee: GBP24.97$c22\1$e01-jan-2014$fGBP24.97$g0$hP$5Uk
=ACF  \\$aPrevious copyright fee: GBP24.21$c22\1$e01-jul-2014$fGBP24.21$g0$hP$5Uk
=ACF  \\$aPrevious copyright fee: GBP25.77$c22\1$e01-apr-2015$fGBP25.77$g0$hP$5Uk
=ACF  \\$aPrevious copyright fee: GBP26.63$c22\1$e01-jul-2015$fGBP26.63$g0$hP$5Uk
=ACF  \\$aPrevious copyright fee: GBP25.77$c22\1$e01-oct-2015$fGBP25.77$g0$hP$5Uk
=ACF  \\$aPrevious copyright fee: GBP27.55$c22\1$e01-apr-2016$fGBP27.55$g0$hP$5Uk
=ACF  \\$aPrevious copyright fee: GBP29.59$c22\1$e01-oct-2016$fGBP29.59$g0$hP$5Uk
=ACF  \\$aPrevious copyright fee: GBP31.96$c22\1$e01-apr-2017$fGBP31.96$g0$hP$5Uk
=ACF  \\$aPrevious copyright fee: GBP30.73$c22\1$e01-oct-2017$fGBP30.73$g0$hP$5Uk
=ACF  \\$aPrevious copyright fee: GBP34.00$c22\1$e01-jul-2018$fGBP34.00$g0$hP$5Uk
=ACF  \\$aPrevious copyright fee: GBP28.54$c22\1$e01-apr-2018$fGBP28.54$g0$hP$5Uk
=LAS  \\$aBATCH-FIX$b00$c20230511$lBLL01$h1630

