=LDR  03937cas a2200937 i 4500
=001  016420093
=003  Uk
=005  20230415165614.0
=006  m\\\\\\\\d\\\\\\\\
=007  cr\|||||||||||
=008  130308c20129999gw\qr\p\s\\\\\0\\\a0eng\\
=FMT  \\$a  SE
=022  \\$a2192-6670
=040  \\$aUk$beng$cUk$erda
=042  \\$aukblsr
=082  04$a610.285$223
=245  00$aNetwork modeling and analysis in health informatics and bioinformatics.
=246  13$aNetMAHIB
=264  \1$aHeidelberg :$bSpringer,$c2012-
=310  \\$aQuarterly
=336  \\$atext$2rdacontent
=337  \\$acomputer$2rdamedia
=338  \\$aonline resource$2rdacarrier
=362  0\$aVolume 1, issue 1/2 (June 2012)-
=500  \\$aTitle from table of contents page (SpringerLink, viewed June 26, 2013).
=588  \\$aLatest issue consulted: volume 2, issue 1 (February 2013); (viewed June 26, 2013).
=538  \\$aMode of access: World Wide Web.
=540  \\$aCurrent copyright fee: GBP29.95$c22\1$5Uk
=650  \0$aBioinformatics$vPeriodicals.
=650  \0$aMedical informatics$vPeriodicals.
=856  \\$31850-9999$uhttp://www.springer.com/gb/$xBLDSS
=856  40$uhttp://link.springer.com/journal/13721
=859  \\$aXLD$bejournal
=852  41$aBritish Library$bDSC$j6077.203100$3Volume 1:Issue 1/2(2012)-Volume 7:Issue 1(2018)***See ESTAR for full holdings.
=945  \\$aNetwork modeling and analysis in health informatics and bioinformatics.
=959  \\$fHeld but not currently received
=979  \\$aBritish Library$bDSC$j6077.203100
=985  \\$aPrint and online ISSN quoted on homepage both free on Portal 26/6/13
=CAT  \\$a12654$b40$c20130530$lBLL01$h0847
=CAT  \\$a8124$b40$c20130626$lBLL01$h1108
=CAT  \\$a12654$b40$c20130814$lBLL01$h0903
=CAT  \\$aBLDSS-3PM$b00$c20150103$lBLL01$h1049
=CAT  \\$a5552$b40$c20160222$lBLL01$h0917
=CAT  \\$aIPL-CLA$c20160331$lBLL01$h1812
=CAT  \\$a5552$b40$c20160421$lBLL01$h1339
=CAT  \\$aBATCH-UPD$b40$c20160524$lBLL01$h2215
=CAT  \\$aBATCH-UPD$b40$c20160525$lBLL01$h0056
=CAT  \\$aBATCH-UPD$b40$c20160824$lBLL01$h1750
=CAT  \\$aIPL-CLA$c20160930$lBLL01$h1639
=CAT  \\$aBATCH-UPD$b00$c20170216$lBLL01$h1837
=CAT  \\$aIPL-CLA$c20170331$lBLL01$h1917
=CAT  \\$aBATCH-UPD$b00$c20170904$lBLL01$h1845
=CAT  \\$aIPL-CLA$c20170929$lBLL01$h1802
=CAT  \\$a5410$b40$c20171222$lBLL01$h1605
=CAT  \\$aBATCH-UPD$b40$c20180223$lBLL01$h1706
=CAT  \\$aIPL-CLA$c20180331$lBLL01$h1705
=CAT  \\$aW1805-0475$c20180520$lBLL01$h1632
=CAT  \\$aBATCH-UPD$b00$c20180524$lBLL01$h1709
=CAT  \\$aIPL-CLA$c20180630$lBLL01$h1938
=CAT  \\$aW1908-0780$b00$c20200730$lBLL01$h1333
=CAT  \\$a5552$b40$c20200819$lBLL01$h0801
=CAT  \\$aCDS21$c20220118$lBLL01$h1105
=CAT  \\$aBATCH-UPD$b00$c20221121$lBLL01$h1406
=CAT  \\$aIPL-CLA$c20221231$lBLL01$h1451
=CAT  \\$a5410$b40$c20230415$lBLL01$h1656
=CFI  0\$aCurrent copyright fee: GBP29.95$c22\1$e01-jan-2023$fGBP29.95$g0$hP$5Uk
=CFI  2\$aPrevious copyright fee: GBP34.00$c22\1$e01-jul-2018$fGBP34.00$g0$hP$5Uk
=EST  \\$a1
=FFP  \\$aY$bBLDSS-3PM
=FIN  \\$aY$d20130626
=MNI  \\$a2192-6662
=TOC  \\$aETOC
=UNO  \\$aY
=ACF  \\$aPrevious copyright fee: GBP27.55$c19\0$e01-apr-2016$fGBP27.55$g0$hP$5Uk
=ACF  \\$aPrevious copyright fee: GBP25.00$c22\1$e30-may-2013$fGBP25.00$g0$hP$5Uk
=ACF  \\$aPrevious copyright fee: GBP27.55$c22\1$e21-apr-2016$fGBP27.55$g0$hP$5Uk
=ACF  \\$aPrevious copyright fee: GBP29.59$c22\1$e01-oct-2016$fGBP29.59$g0$hP$5Uk
=ACF  \\$aPrevious copyright fee: GBP31.96$c22\1$e01-apr-2017$fGBP31.96$g0$hP$5Uk
=ACF  \\$aPrevious copyright fee: GBP30.73$c22\1$e01-oct-2017$fGBP30.73$g0$hP$5Uk
=ACF  \\$aPrevious copyright fee: GBP28.54$c22\1$e01-apr-2018$fGBP28.54$g0$hP$5Uk
=LAS  \\$a5410$b40$c20230415$lBLL01$h1656

