=LDR  05068cas a2201105 a 4500
=001  015171895
=003  Uk
=005  20230401113501.0
=006  m\\\\\\\\d\\\\\\\\
=007  cr\|||||||||||
=008  090429c19979999fr\mx\p\s\\\\\0\\\a0eng\\
=FMT  \\$a  SE
=022  0\$a1760-4788
=040  \\$aUk$beng$cUk
=042  \\$aukblsr
=082  04$a612.68$222
=130  0\$aJournal of nutrition, health and aging (Online)
=245  10$aJournal of nutrition, health and aging$h[electronic resource].
=260  \\$aParis :$bSpringer Paris,$c1997-
=310  \\$aTen issues per year
=336  \\$atext$2rdacontent
=337  \\$acomputer$2rdamedia
=338  \\$aonline resource$2rdacarrier
=362  1\$aPrint began with Vol. 1, no. 1 (1997).
=525  \\$aSupplements accompany some issues.
=530  \\$aAlso issued in print.
=538  \\$aMode of access: World Wide Web.
=500  \\$aDescription based on: Vol. 12, no. 1 (Jan. 2009); title from contents screen (SpringerLink, viewed Oct. 21, 2009).
=500  \\$aLatest issue consulted: Vol. 13, no. 8 (Oct. 2009) (SpringerLink, viewed on Oct. 21, 2009).
=540  \\$aCurrent copyright fee: GBP34.95$c22\1$5Uk
=650  \0$aOlder people$xNutrition$vPeriodicals.
=650  \0$aAging$xNutritional aspects$vPeriodicals.
=650  \0$aOlder people$xHealth and hygiene$vPeriodicals.
=650  \0$aNutrition$vPeriodicals.
=776  1\$tJournal of nutrition, health and aging$x1279-7707
=856  \\$31850-9999$uhttp://www.springer.com/gb/$xBLDSS
=856  40$uhttp://www.springerlink.com/content/1760-4788
=859  \\$aXLD$bejournal
=852  41$aBritish Library$bDSC$j5024.716000$3Volume 13:Issue 1(2009)-Volume 22:Issue 3(2018)***See ESTAR for full holdings.
=945  \\$aJournal of nutrition health and aging
=959  \\$fHeld but not currently received
=979  \\$aBritish Library$bDSC$j5024.716000
=985  \\$aCONFERENCE ANALYTIC RECORDS EXIST
=CAT  \\$a6811$b40$c20090429$lBLL01$h1138
=CAT  \\$aIPL-CLA$c20150630$lBLL01$h1707
=CAT  \\$aBATCH-UPD$b00$c20150820$lBLL01$h1849
=CAT  \\$aIPL-CLA$c20150930$lBLL01$h1832
=CAT  \\$aBATCH-UPD$b00$c20160217$lBLL01$h1740
=CAT  \\$aIPL-CLA$c20160331$lBLL01$h1754
=CAT  \\$aBATCH-UPD$b00$c20160524$lBLL01$h2213
=CAT  \\$aBATCH-UPD$b00$c20160525$lBLL01$h0041
=CAT  \\$aBATCH-UPD$b00$c20160824$lBLL01$h1807
=CAT  \\$aIPL-CLA$c20160930$lBLL01$h1625
=CAT  \\$aBATCH-UPD$b00$c20170216$lBLL01$h1856
=CAT  \\$aIPL-CLA$c20170331$lBLL01$h1902
=CAT  \\$aBATCH-UPD$b00$c20170904$lBLL01$h1906
=CAT  \\$aIPL-CLA$c20170929$lBLL01$h1748
=CAT  \\$aBATCH-UPD$b00$c20180223$lBLL01$h1739
=CAT  \\$aIPL-CLA$c20180331$lBLL01$h1643
=CAT  \\$aW1805-0475$c20180520$lBLL01$h1632
=CAT  \\$aBATCH-UPD$b00$c20180524$lBLL01$h1725
=CAT  \\$aIPL-CLA$c20180630$lBLL01$h1928
=CAT  \\$aW1908-0780$b00$c20200730$lBLL01$h1332
=CAT  \\$a5552$b40$c20210816$lBLL01$h1052
=CAT  \\$aIPL-CLA$c20210930$lBLL01$h1528
=CAT  \\$aCDS21$c20220118$lBLL01$h1105
=CAT  \\$aBATCH-UPD$b00$c20221121$lBLL01$h1412
=CAT  \\$aIPL-CLA$c20221231$lBLL01$h1449
=CAT  \\$a5410$b40$c20230401$lBLL01$h1135
=CFI  0\$aCurrent copyright fee: GBP34.95$c22\1$e01-jan-2023$fGBP34.95$g0$hP$5Uk
=CFI  2\$aPrevious copyright fee: GBP43.00$c22\1$e01-oct-2021$fGBP43.00$g0$hP$5Uk
=EST  \\$a1
=FFP  \\$aY$bBLDSS-3PM
=FIN  \\$aY$d20091021
=LKR  \\$aPAR$b010491133$lBLL01$nJournal of nutrition, health and aging (Print)$mJournal of nutrition, health and aging (Online)$r776
=MNI  \\$a1279-7707
=TCO  \\$aFRA$bCFC$c008
=TOC  \\$aETOC
=UNO  \\$aY
=ACF  \\$aPrevious copyright fee: GBP22.00$c23\1$e29-apr-2009$fGBP22.00$g0$hP$5Uk
=ACF  \\$aPrevious copyright fee: GBP22.00$c23\1$e12-aug-2012$fGBP22.00$g0$hP$5Uk
=ACF  \\$aPrevious copyright fee: GBP25.00$c23\1$e01-jan-2013$fGBP25.00$g0$hP$5Uk
=ACF  \\$aPrevious copyright fee: GBP25.77$c23\1$e01-jul-2013$fGBP25.77$g0$hP$5Uk
=ACF  \\$aPrevious copyright fee: GBP24.97$c23\1$e01-jan-2014$fGBP24.97$g0$hP$5Uk
=ACF  \\$aPrevious copyright fee: GBP24.21$c23\1$e01-jul-2014$fGBP24.21$g0$hP$5Uk
=ACF  \\$aPrevious copyright fee: GBP25.77$c23\1$e01-apr-2015$fGBP25.77$g0$hP$5Uk
=ACF  \\$aPrevious copyright fee: GBP26.63$c23\1$e01-jul-2015$fGBP26.63$g0$hP$5Uk
=ACF  \\$aPrevious copyright fee: GBP25.77$c23\1$e01-oct-2015$fGBP25.77$g0$hP$5Uk
=ACF  \\$aPrevious copyright fee: GBP27.55$c23\1$e01-apr-2016$fGBP27.55$g0$hP$5Uk
=ACF  \\$aPrevious copyright fee: GBP29.59$c23\1$e01-oct-2016$fGBP29.59$g0$hP$5Uk
=ACF  \\$aPrevious copyright fee: GBP31.96$c23\1$e01-apr-2017$fGBP31.96$g0$hP$5Uk
=ACF  \\$aPrevious copyright fee: GBP30.73$c23\1$e01-oct-2017$fGBP30.73$g0$hP$5Uk
=ACF  \\$aPrevious copyright fee: GBP28.54$c23\1$e01-apr-2018$fGBP28.54$g0$hP$5Uk
=ACF  \\$aPrevious copyright fee: GBP34.00$c22\1$e01-jul-2018$fGBP34.00$g0$hP$5Uk
=LAS  \\$a5410$b40$c20230401$lBLL01$h1135

