=LDR  04650cas a2201069 a 4500
=001  015263582
=003  Uk
=005  20230401113117.0
=006  m\\\\\\\\d\\\\\\\\
=007  cr\cnu||||||||
=008  081219c20089999au\uu\p\s\\\\\0\\\\0eng\d
=FMT  \\$a  SE
=016  7\$a101491944$2DNLM
=022  0\$y1866-6647$y1866-6116
=035  \\$a(OCoLC)429187733
=040  \\$aLGG$beng$cLGG$dUk
=042  \\$aukblsr
=060  00$aW1$bAT752B
=082  0\$a616.8589$222
=245  00$aAttention deficit and hyperactivity disorders$h[electronic resource] :$bADHD.
=246  13$aADHD
=260  \\$aWien :$bSpringer Wien$c2009-
=310  \\$aFour times a year
=336  \\$atext$2rdacontent
=337  \\$acomputer$2rdamedia
=338  \\$aonline resource$2rdacarrier
=362  0\$aVol. 1, no. 1 (May 2009)-
=538  \\$aMode of access: World Wide Web.
=500  \\$aTitle from contents screen (SpringerLink, viewed on Oct. 7, 2009).
=540  \\$aCurrent copyright fee: GBP34.95$c22\1$5Uk
=650  \0$aAttention-deficit hyperactivity disorder$vPeriodicals.
=776  0\$tAttention deficit and hyperactivity disorders$c(Print)$x1866-6647
=710  2\$aWorld Federation of ADHD.
=856  \\$31850-9999$uhttp://www.springer.com/gb/$xBLDSS
=856  40$uhttp://www.springerlink.com/content/1866-6116
=859  \\$aXLD$bejournal
=852  41$aBritish Library$bDSC$j0680.611000$3Volume 1:Issue 1(2009)-Volume 10:Issue 1(2018)***See ESTAR for full holdings.
=945  \\$aADHD Attention deficit and hyperactivity disorders
=959  \\$fHeld but not currently received
=979  \\$aBritish Library$bDSC$j0680.611000
=CAT  \\$a11033$b40$c20090521$lBLL01$h1405
=CAT  \\$aIPL-CLA$c20150630$lBLL01$h1707
=CAT  \\$aBATCH-UPD$b00$c20150820$lBLL01$h1854
=CAT  \\$aIPL-CLA$c20150930$lBLL01$h1832
=CAT  \\$aBATCH-UPD$b00$c20160217$lBLL01$h1747
=CAT  \\$aIPL-CLA$c20160331$lBLL01$h1754
=CAT  \\$aBATCH-UPD$b00$c20160524$lBLL01$h2213
=CAT  \\$aBATCH-UPD$b00$c20160525$lBLL01$h0041
=CAT  \\$aBATCH-UPD$b00$c20160824$lBLL01$h1814
=CAT  \\$aIPL-CLA$c20160930$lBLL01$h1625
=CAT  \\$aBATCH-UPD$b00$c20170216$lBLL01$h1903
=CAT  \\$aIPL-CLA$c20170331$lBLL01$h1902
=CAT  \\$aBATCH-UPD$b00$c20170904$lBLL01$h1914
=CAT  \\$aIPL-CLA$c20170929$lBLL01$h1749
=CAT  \\$aBATCH-UPD$b00$c20180223$lBLL01$h1746
=CAT  \\$aIPL-CLA$c20180331$lBLL01$h1643
=CAT  \\$aW1805-0475$c20180520$lBLL01$h1632
=CAT  \\$aBATCH-UPD$b00$c20180524$lBLL01$h1731
=CAT  \\$aIPL-CLA$c20180630$lBLL01$h1928
=CAT  \\$aW1908-0780$b00$c20200730$lBLL01$h1332
=CAT  \\$a6811$b40$c20200803$lBLL01$h1225
=CAT  \\$a5552$b40$c20210810$lBLL01$h0843
=CAT  \\$aIPL-CLA$c20210930$lBLL01$h1528
=CAT  \\$aBATCH-UPD$b00$c20221121$lBLL01$h1412
=CAT  \\$aIPL-CLA$c20221231$lBLL01$h1449
=CAT  \\$a5410$b40$c20230401$lBLL01$h1131
=CFI  0\$aCurrent copyright fee: GBP34.95$c22\1$e01-jan-2023$fGBP34.95$g0$hP$5Uk
=CFI  2\$aPrevious copyright fee: GBP43.00$c22\1$e01-oct-2021$fGBP43.00$g0$hP$5Uk
=EST  \\$a1
=FFP  \\$aY$bBLDSS-3PM
=FIN  \\$aY$d20091007
=MNI  \\$a1866-6116
=SID  \\$aZ39$bOCLC
=TCO  \\$aXXX$c008
=TOC  \\$aETOC
=UNO  \\$aY
=ACF  \\$aPrevious copyright fee: GBP22.00$c23\6$e21-may-2009$fGBP22.00$g0$hP$5Uk
=ACF  \\$aPrevious copyright fee: GBP22.00$c23\6$e12-aug-2012$fGBP22.00$g0$hP$5Uk
=ACF  \\$aPrevious copyright fee: GBP25.00$c23\6$e01-jan-2013$fGBP25.00$g0$hP$5Uk
=ACF  \\$aPrevious copyright fee: GBP25.77$c23\6$e01-jul-2013$fGBP25.77$g0$hP$5Uk
=ACF  \\$aPrevious copyright fee: GBP24.97$c23\6$e01-jan-2014$fGBP24.97$g0$hP$5Uk
=ACF  \\$aPrevious copyright fee: GBP24.21$c23\6$e01-jul-2014$fGBP24.21$g0$hP$5Uk
=ACF  \\$aPrevious copyright fee: GBP25.77$c23\6$e01-apr-2015$fGBP25.77$g0$hP$5Uk
=ACF  \\$aPrevious copyright fee: GBP26.63$c23\6$e01-jul-2015$fGBP26.63$g0$hP$5Uk
=ACF  \\$aPrevious copyright fee: GBP25.77$c23\6$e01-oct-2015$fGBP25.77$g0$hP$5Uk
=ACF  \\$aPrevious copyright fee: GBP27.55$c23\6$e01-apr-2016$fGBP27.55$g0$hP$5Uk
=ACF  \\$aPrevious copyright fee: GBP29.59$c23\6$e01-oct-2016$fGBP29.59$g0$hP$5Uk
=ACF  \\$aPrevious copyright fee: GBP31.96$c23\6$e01-apr-2017$fGBP31.96$g0$hP$5Uk
=ACF  \\$aPrevious copyright fee: GBP30.73$c23\6$e01-oct-2017$fGBP30.73$g0$hP$5Uk
=ACF  \\$aPrevious copyright fee: GBP28.54$c23\6$e01-apr-2018$fGBP28.54$g0$hP$5Uk
=ACF  \\$aPrevious copyright fee: GBP34.00$c22\1$e01-jul-2018$fGBP34.00$g0$hP$5Uk
=LAS  \\$a5410$b40$c20230401$lBLL01$h1131

