=LDR  04750cas a2201057 a 4500
=001  015264170
=003  Uk
=005  20230423122806.0
=006  m\\\\\\\\d\\\\\\\\
=007  cr\|||||||||||
=008  090522c19569999ii\qr\p\s\\\\\0\\\a0eng\\
=FMT  \\$a  SE
=022  0\$a0974-9861$y0033-2968
=040  \\$aUk$beng$cUk
=042  \\$aukblsr
=082  04$a150.5$222
=130  0\$aPsychological studies (Mysore, India : Online)
=245  10$aPsychological studies$h[electronic resource].
=260  \\$a[S.l.] :$bSpringer India
=310  \\$aQuarterly
=336  \\$atext$2rdacontent
=337  \\$acomputer$2rdamedia
=338  \\$aonline resource$2rdacarrier
=362  1\$aPrint publication began with v. 1 (1956).
=530  \\$aAlso issued in print.
=538  \\$aMode of access: World Wide Web.
=550  \\$aOfficial journal of the National Academy of Psychology (NAOP), India.
=500  \\$aDescription based on: Vol. 54, no. 2 (June 2009); title from contents screen (SpringerLink, viewed Oct 21, 2009).
=540  \\$aCurrent copyright fee: GBP29.95$c22\1$5Uk
=650  \0$aPsychology$vPeriodicals.
=710  2\$aNational Academy of Psychology (India)
=776  1\$tPsychological studies (Mysore, India)$x0033-2968
=856  \\$31850-9999$uhttp://www.springer.com/gb/$xBLDSS
=856  40$uhttp://www.springerlink.com/content/0033-2968
=859  \\$aXLD$bejournal
=852  41$aBritish Library$bDSC$j6946.531100$3Volume 54:Issue 1(2009)-Volume 62:Issue 4(2017)***See ESTAR for full holdings.
=945  \\$aPsychological studies
=959  \\$fHeld but not currently received
=979  \\$aBritish Library$bDSC$j6946.531100
=CAT  \\$a6811$b40$c20090522$lBLL01$h1234
=CAT  \\$aBATCH-UPD$b00$c20150219$lBLL01$h1735
=CAT  \\$aIPL-CLA$c20150331$lBLL01$h1704
=CAT  \\$aBATCH-UPD$b00$c20150520$lBLL01$h1744
=CAT  \\$aIPL-CLA$c20150630$lBLL01$h1707
=CAT  \\$aBATCH-UPD$b00$c20150820$lBLL01$h1831
=CAT  \\$aIPL-CLA$c20150930$lBLL01$h1832
=CAT  \\$aBATCH-UPD$b00$c20160217$lBLL01$h1720
=CAT  \\$aIPL-CLA$c20160331$lBLL01$h1754
=CAT  \\$aBATCH-UPD$b00$c20160524$lBLL01$h2213
=CAT  \\$aBATCH-UPD$b00$c20160525$lBLL01$h0041
=CAT  \\$aBATCH-UPD$b00$c20160824$lBLL01$h1749
=CAT  \\$aIPL-CLA$c20160930$lBLL01$h1625
=CAT  \\$aBATCH-UPD$b00$c20170216$lBLL01$h1836
=CAT  \\$aIPL-CLA$c20170331$lBLL01$h1902
=CAT  \\$aBATCH-UPD$b00$c20170904$lBLL01$h1845
=CAT  \\$aIPL-CLA$c20170929$lBLL01$h1749
=CAT  \\$aBATCH-UPD$b00$c20180223$lBLL01$h1705
=CAT  \\$aIPL-CLA$c20180331$lBLL01$h1643
=CAT  \\$aW1805-0475$c20180520$lBLL01$h1632
=CAT  \\$aBATCH-UPD$b00$c20180524$lBLL01$h1708
=CAT  \\$aIPL-CLA$c20180630$lBLL01$h1928
=CAT  \\$aW1908-0780$b00$c20200730$lBLL01$h1332
=CAT  \\$aCDS21$c20220118$lBLL01$h1105
=CAT  \\$aBATCH-UPD$b00$c20221121$lBLL01$h1403
=CAT  \\$aIPL-CLA$c20221231$lBLL01$h1450
=CAT  \\$a5410$b40$c20230423$lBLL01$h1228
=CFI  0\$aCurrent copyright fee: GBP29.95$c22\1$e01-jan-2023$fGBP29.95$g0$hP$5Uk
=CFI  2\$aPrevious copyright fee: GBP34.00$c22\1$e01-jul-2018$fGBP34.00$g0$hP$5Uk
=EST  \\$a1
=FFP  \\$aY$bBLDSS-3PM
=FIN  \\$aY$d20091021
=LKR  \\$aPAR$b008545253$lBLL01$nPsychological studies (Mysore, India : Print)$mPsychological studies (Mysore, India : Online)$r776
=MNI  \\$a0033-2968
=TCO  \\$aXXX$c008
=TOC  \\$aETOC
=UNO  \\$aY
=ACF  \\$aPrevious copyright fee: GBP22.00$c22\1$e22-may-2009$fGBP22.00$g0$hP$5Uk
=ACF  \\$aPrevious copyright fee: GBP22.00$c22\1$e12-aug-2012$fGBP22.00$g0$hP$5Uk
=ACF  \\$aPrevious copyright fee: GBP25.00$c22\1$e01-jan-2013$fGBP25.00$g0$hP$5Uk
=ACF  \\$aPrevious copyright fee: GBP25.77$c22\1$e01-jul-2013$fGBP25.77$g0$hP$5Uk
=ACF  \\$aPrevious copyright fee: GBP24.97$c22\1$e01-jan-2014$fGBP24.97$g0$hP$5Uk
=ACF  \\$aPrevious copyright fee: GBP24.21$c22\1$e01-jul-2014$fGBP24.21$g0$hP$5Uk
=ACF  \\$aPrevious copyright fee: GBP25.77$c22\1$e01-apr-2015$fGBP25.77$g0$hP$5Uk
=ACF  \\$aPrevious copyright fee: GBP26.63$c22\1$e01-jul-2015$fGBP26.63$g0$hP$5Uk
=ACF  \\$aPrevious copyright fee: GBP25.77$c22\1$e01-oct-2015$fGBP25.77$g0$hP$5Uk
=ACF  \\$aPrevious copyright fee: GBP27.55$c22\1$e01-apr-2016$fGBP27.55$g0$hP$5Uk
=ACF  \\$aPrevious copyright fee: GBP29.59$c22\1$e01-oct-2016$fGBP29.59$g0$hP$5Uk
=ACF  \\$aPrevious copyright fee: GBP31.96$c22\1$e01-apr-2017$fGBP31.96$g0$hP$5Uk
=ACF  \\$aPrevious copyright fee: GBP30.73$c22\1$e01-oct-2017$fGBP30.73$g0$hP$5Uk
=ACF  \\$aPrevious copyright fee: GBP28.54$c22\1$e01-apr-2018$fGBP28.54$g0$hP$5Uk
=LAS  \\$a5410$b40$c20230423$lBLL01$h1228

