=LDR  04332cas a2200997 i 4500
=001  016599478
=003  Uk
=005  20230416114347.0
=006  m\\\\\\\\d\\\\\\\\
=007  cr\|||||||||||
=008  140108c19929999gw\bn\p\o\\\\\0\\\b0ger\\
=FMT  \\$a  SE
=022  \\$a2195-6405$y0941-8849
=040  \\$aUk$beng$cUk$erda
=041  0\$ager$aeng
=042  \\$aukblsr
=082  04$a616.97$223
=222  \0$aAllergo-Journal$b(Internet)
=245  00$aAllergo journal.
=264  \1$aMünchen :$bUrban & Vogel
=336  \\$atext$2rdacontent
=337  \\$acomputer$2rdamedia
=338  \\$aonline resource$2rdacarrier
=362  1\$aPrint began with 1 Jahrg., 1 (1 Okt. 1992).
=546  \\$aArticles in German and English with summaries in both languages.
=588  \\$aDescription based on: volume 21, issue 1 (February 2012); title from table of contents page (SpringerLink, viewed February 20, 2014).
=588  \\$aLatest issue consulted: volume 22, issue 8 (December 2013), viewed February 20, 2014.
=538  \\$aMode of access: World Wide Web.
=540  \\$aCurrent copyright fee: GBP29.95$c22\1$5Uk
=650  \0$aAllergy$vPeriodicals.
=650  \0$aImmunology$vPeriodicals.
=776  08$iAlso issued in print as:$tAllergo-Journal$x0941-8849
=856  \\$31850-9999$uhttp://www.springer.com/gb/$xBLDSS
=856  40$uhttp://link.springer.com/journal/15007
=859  \\$aXLD$bejournal
=852  41$aBritish Library$bDSC$j0790.925000$3Volume 6:Issue 1(1997)-Volume 27:Issue 2(2018)***See ESTAR for full holdings.
=945  \\$aAllergo Journal
=959  \\$fHeld but not currently received
=979  \\$aBritish Library$bDSC$j0790.925000
=CAT  \\$a12654$b40$c20140108$lBLL01$h1220
=CAT  \\$aIPL-CLA$c20150331$lBLL01$h1726
=CAT  \\$aBATCH-UPD$b00$c20150520$lBLL01$h1813
=CAT  \\$aIPL-CLA$c20150630$lBLL01$h1721
=CAT  \\$aBATCH-UPD$b00$c20150820$lBLL01$h1857
=CAT  \\$aIPL-CLA$c20150930$lBLL01$h1850
=CAT  \\$a8055$b40$c20151006$lBLL01$h1025
=CAT  \\$aBATCH-UPD$b40$c20160217$lBLL01$h1750
=CAT  \\$aIPL-CLA$c20160331$lBLL01$h1814
=CAT  \\$aBATCH-UPD$b00$c20160524$lBLL01$h2215
=CAT  \\$aBATCH-UPD$b00$c20160525$lBLL01$h0057
=CAT  \\$aBATCH-UPD$b00$c20160824$lBLL01$h1817
=CAT  \\$aIPL-CLA$c20160930$lBLL01$h1640
=CAT  \\$aBATCH-UPD$b00$c20170216$lBLL01$h1906
=CAT  \\$aIPL-CLA$c20170331$lBLL01$h1919
=CAT  \\$aBATCH-UPD$b00$c20170904$lBLL01$h1918
=CAT  \\$aIPL-CLA$c20170929$lBLL01$h1804
=CAT  \\$aBATCH-UPD$b00$c20180223$lBLL01$h1750
=CAT  \\$aIPL-CLA$c20180331$lBLL01$h1707
=CAT  \\$aW1805-0475$c20180520$lBLL01$h1632
=CAT  \\$aBATCH-UPD$b00$c20180524$lBLL01$h1734
=CAT  \\$aIPL-CLA$c20180630$lBLL01$h1939
=CAT  \\$aW1908-0780$b00$c20200730$lBLL01$h1333
=CAT  \\$aCDS21$c20220118$lBLL01$h1105
=CAT  \\$aBATCH-UPD$b00$c20221121$lBLL01$h1406
=CAT  \\$aIPL-CLA$c20221231$lBLL01$h1452
=CAT  \\$a5410$b40$c20230416$lBLL01$h1143
=CFI  0\$aCurrent copyright fee: GBP29.95$c22\1$e01-jan-2023$fGBP29.95$g0$hP$5Uk
=CFI  2\$aPrevious copyright fee: GBP34.00$c22\1$e01-jul-2018$fGBP34.00$g0$hP$5Uk
=EST  \\$a1
=FFP  \\$aY$bBLDSS-3PM
=FIN  \\$aY$d20140220
=LKR  \\$aPAR$b009827511$lBLL01$r776$mAllergo-Journal (Internet)$nAllergo-Journal
=MNI  \\$a0941-8849
=TOC  \\$aETOC
=UNO  \\$aY
=ACF  \\$aPrevious copyright fee: GBP24.97$c23\8$e08-jan-2014$fGBP24.97$g0$hP$5Uk
=ACF  \\$aPrevious copyright fee: GBP24.21$c23\8$e01-jul-2014$fGBP24.21$g0$hP$5Uk
=ACF  \\$aPrevious copyright fee: GBP25.77$c23\8$e01-apr-2015$fGBP25.77$g0$hP$5Uk
=ACF  \\$aPrevious copyright fee: GBP26.63$c23\8$e01-jul-2015$fGBP26.63$g0$hP$5Uk
=ACF  \\$aPrevious copyright fee: GBP25.77$c23\8$e01-oct-2015$fGBP25.77$g0$hP$5Uk
=ACF  \\$aPrevious copyright fee: GBP27.55$c23\8$e01-apr-2016$fGBP27.55$g0$hP$5Uk
=ACF  \\$aPrevious copyright fee: GBP29.59$c23\8$e01-oct-2016$fGBP29.59$g0$hP$5Uk
=ACF  \\$aPrevious copyright fee: GBP31.96$c23\8$e01-apr-2017$fGBP31.96$g0$hP$5Uk
=ACF  \\$aPrevious copyright fee: GBP30.73$c23\8$e01-oct-2017$fGBP30.73$g0$hP$5Uk
=ACF  \\$aPrevious copyright fee: GBP28.54$c23\8$e01-apr-2018$fGBP28.54$g0$hP$5Uk
=LAS  \\$a5410$b40$c20230416$lBLL01$h1143

