=LDR  04520cas a2201009 i 4500
=001  016599496
=003  Uk
=005  20230416114454.0
=006  m\\\\\\\\d\\\\\\\\
=007  cr\|||||||||||
=008  140108c20149999gw\uu\p\o\\\\\0\\\a0eng\\
=FMT  \\$a  SE
=022  0\$a2197-0378
=040  \\$aUk$beng$cUk$dUk$erda
=042  \\$aukblsr
=082  04$a616.97$223
=222  \0$aAllergo journal international
=245  00$aAllergo journal international
=264  \1$a[München]$bUrban & Vogel
=336  \\$atext$2rdacontent
=337  \\$acomputer$2rdamedia
=338  \\$aonline resource$2rdacarrier
=362  0\$aVolume 23, issue 1 (February 2014)-
=500  \\$aTitle from table of contents (SpringerLink, viewed February 20, 2014).
=515  \\$aCarries the numbering of Allergo journal
=538  \\$aMode of access: World Wide Web.
=500  \\$a"Official journal of the German Society for Allergology and Clinical Immunology (DGAKI) and of the professional Association of German Allergologists (Ärzteverband der Deutschen Allergologen, ÄDA)".
=540  \\$aCurrent copyright fee: GBP34.95$c22\1$5Uk
=650  \0$aAllergy$vPeriodicals.
=650  \0$aImmunology$vPeriodicals.
=710  2\$aDeutsche Gesellschaft für Allergologie und klinische Immunologie,$eissuing body.
=710  2\$aÄrzteverband der Deutschen Allergologen,$eissuing body.
=856  \\$31850-9999$uhttp://www.springer.com/gb/$xBLDSS
=856  40$uhttp://link.springer.com/journal/40629
=859  \\$aXLD$bejournal
=852  41$aBritish Library$bDSC$j0790.926000$3Volume 23:Issue 1(2014)-Volume 27:Issue 2(2018)***See ESTAR for full holdings.
=945  \\$aAllergo Journal International.
=959  \\$fHeld but not currently received
=979  \\$aBritish Library$bDSC$j0790.926000
=985  \\$aAC: 710s are not on NACO. See print outs.
=CAT  \\$a12654$b40$c20140108$lBLL01$h1244
=CAT  \\$aBATCH-UPD$b00$c20150820$lBLL01$h2006
=CAT  \\$aIPL-CLA$c20150930$lBLL01$h1850
=CAT  \\$aBATCH-UPD$b00$c20151028$lBLL01$h2019
=CAT  \\$aBATCH-UPD$b00$c20151031$lBLL01$h1708
=CAT  \\$aBATCH-UPD$b00$c20160217$lBLL01$h1721
=CAT  \\$aIPL-CLA$c20160331$lBLL01$h1814
=CAT  \\$aBATCH-UPD$b00$c20160524$lBLL01$h2215
=CAT  \\$aBATCH-UPD$b00$c20160525$lBLL01$h0057
=CAT  \\$aBATCH-UPD$b00$c20160824$lBLL01$h1750
=CAT  \\$aIPL-CLA$c20160930$lBLL01$h1640
=CAT  \\$aBATCH-UPD$b00$c20170216$lBLL01$h1837
=CAT  \\$aIPL-CLA$c20170331$lBLL01$h1919
=CAT  \\$aBATCH-UPD$b00$c20170904$lBLL01$h1845
=CAT  \\$aIPL-CLA$c20170929$lBLL01$h1804
=CAT  \\$aBATCH-UPD$b00$c20180223$lBLL01$h1706
=CAT  \\$aIPL-CLA$c20180331$lBLL01$h1707
=CAT  \\$aW1805-0475$c20180520$lBLL01$h1632
=CAT  \\$aBATCH-UPD$b00$c20180524$lBLL01$h1709
=CAT  \\$aIPL-CLA$c20180630$lBLL01$h1939
=CAT  \\$aW1908-0780$b00$c20200730$lBLL01$h1333
=CAT  \\$a5552$b40$c20210810$lBLL01$h0911
=CAT  \\$aIPL-CLA$c20210930$lBLL01$h1529
=CAT  \\$aCDS21$c20220118$lBLL01$h1105
=CAT  \\$aBATCH-UPD$b00$c20221121$lBLL01$h1412
=CAT  \\$aIPL-CLA$c20221231$lBLL01$h1452
=CAT  \\$a5410$b40$c20230416$lBLL01$h1144
=CFI  0\$aCurrent copyright fee: GBP34.95$c22\1$e01-jan-2023$fGBP34.95$g0$hP$5Uk
=CFI  2\$aPrevious copyright fee: GBP43.00$c22\1$e01-oct-2021$fGBP43.00$g0$hP$5Uk
=EST  \\$a1
=FFP  \\$aY$bBLDSS-3PM
=FIN  \\$aY$d20140220
=MNI  \\$a2197-0378
=TOC  \\$aETOC
=UNO  \\$aY
=ACF  \\$aPrevious copyright fee: GBP24.97$c22\1$e08-jan-2014$fGBP24.97$g0$hP$5Uk
=ACF  \\$aPrevious copyright fee: GBP24.21$c22\1$e01-jul-2014$fGBP24.21$g0$hP$5Uk
=ACF  \\$aPrevious copyright fee: GBP25.77$c22\1$e01-apr-2015$fGBP25.77$g0$hP$5Uk
=ACF  \\$aPrevious copyright fee: GBP26.63$c22\1$e01-jul-2015$fGBP26.63$g0$hP$5Uk
=ACF  \\$aPrevious copyright fee: GBP25.77$c22\1$e01-oct-2015$fGBP25.77$g0$hP$5Uk
=ACF  \\$aPrevious copyright fee: GBP27.55$c22\1$e01-apr-2016$fGBP27.55$g0$hP$5Uk
=ACF  \\$aPrevious copyright fee: GBP29.59$c22\1$e01-oct-2016$fGBP29.59$g0$hP$5Uk
=ACF  \\$aPrevious copyright fee: GBP31.96$c22\1$e01-apr-2017$fGBP31.96$g0$hP$5Uk
=ACF  \\$aPrevious copyright fee: GBP30.73$c22\1$e01-oct-2017$fGBP30.73$g0$hP$5Uk
=ACF  \\$aPrevious copyright fee: GBP28.54$c22\1$e01-apr-2018$fGBP28.54$g0$hP$5Uk
=ACF  \\$aPrevious copyright fee: GBP34.00$c22\1$e01-jul-2018$fGBP34.00$g0$hP$5Uk
=LAS  \\$a5410$b40$c20230416$lBLL01$h1144

