=LDR  04952cas a2201021 i 4500
=001  016623206
=003  Uk
=005  20230412144207.0
=006  m\\\\\\\\d\\\\\\\\
=007  cr\|||||||||||
=008  140205c19439999ii\qr\p\o\\\\\0\\\a0eng\\
=FMT  \\$a  SE
=022  \\$a2250-1746
=040  \\$aUk$beng$cUk$erda
=042  \\$aukblsr
=082  04$a570.5$223
=210  0\$aProc. Natl. Acad. Sci. India, Sect. B biol. sci.$b(Online)
=222  \0$aProceedings of the National Academy of Sciences, India. Section B : biological sciences$b(Online)
=245  00$aProceedings of the National Academy of Sciences, India.$nSection B,$pBiological sciences.
=260  \\$aAllahabad :$bNational Academy of Sciences,$c1942-
=264  31$32012-$aNew Delhi :$bSpringer India
=310  \\$aQuarterly
=336  \\$atext$2rdacontent
=337  \\$acomputer$2rdamedia
=338  \\$aonline resource$2rdacarrier
=362  1\$aPrint began with Vol. 12, pt. 4 (Nov. 1942).
=588  \\$aDescription based on print version record.
=588  \\$aLatest issue consulted: volume 84, issue 2 (June 2014) (SpringerLink, viewed May 19, 2014).
=540  \\$aCurrent copyright fee: GBP29.95$c22\1$5Uk
=650  \0$aLife sciences$vPeriodicals.
=710  2\$aNational Academy of Sciences, India,$eissuing body.
=776  08$iAlso issued in print as:$tProceedings of the National Academy of Sciences, India. Section B, Biological Sciences$x0369-8211
=780  01$tProceedings of the National Academy of Sciences, India
=856  \\$31850-9999$uhttp://www.springer.com/gb/$xBLDSS
=856  40$uhttp://link.springer.com/journal/40011
=859  \\$aXLD$bejournal
=852  \\$aBritish Library$bDSC$j6761.901000$3Volume 84:Issue 1(2014)-Volume 88:Issue 1(2018)***See ESTAR for full holdings.
=945  \\$aProceedings of the National Academy of Sciences, India Section B: Biological Sciences
=959  \\$fHeld but not currently received
=979  \\$aBritish Library$bDSC$j6761.901000
=985  \\$aDescription based on BL print record. OCLC records lack the 'Biological sciences' section title. ISSN records include the section title.
=CAT  \\$a12654$b40$c20140205$lBLL01$h1359
=CAT  \\$aBATCH-UPD$b00$c20150219$lBLL01$h1736
=CAT  \\$aIPL-CLA$c20150331$lBLL01$h1727
=CAT  \\$aBATCH-UPD$b00$c20150520$lBLL01$h1744
=CAT  \\$aIPL-CLA$c20150630$lBLL01$h1722
=CAT  \\$aBATCH-UPD$b00$c20150820$lBLL01$h1832
=CAT  \\$aIPL-CLA$c20150930$lBLL01$h1851
=CAT  \\$aBATCH-UPD$b00$c20160217$lBLL01$h1721
=CAT  \\$aIPL-CLA$c20160331$lBLL01$h1814
=CAT  \\$aBATCH-UPD$b00$c20160520$lBLL01$h0847
=CAT  \\$aBATCH-UPD$b00$c20160524$lBLL01$h2215
=CAT  \\$aBATCH-UPD$b00$c20160824$lBLL01$h1750
=CAT  \\$aIPL-CLA$c20160930$lBLL01$h1640
=CAT  \\$aBATCH-UPD$b00$c20170216$lBLL01$h1837
=CAT  \\$aIPL-CLA$c20170331$lBLL01$h1919
=CAT  \\$aBATCH-UPD$b00$c20170904$lBLL01$h1845
=CAT  \\$aIPL-CLA$c20170929$lBLL01$h1804
=CAT  \\$aBATCH-UPD$b00$c20180223$lBLL01$h1706
=CAT  \\$aIPL-CLA$c20180331$lBLL01$h1708
=CAT  \\$aW1805-0475$c20180520$lBLL01$h1632
=CAT  \\$aBATCH-UPD$b00$c20180524$lBLL01$h1709
=CAT  \\$aIPL-CLA$c20180630$lBLL01$h1939
=CAT  \\$aW1908-0780$b00$c20200730$lBLL01$h1333
=CAT  \\$aCDS21$c20220118$lBLL01$h1105
=CAT  \\$aBATCH-UPD$b00$c20221121$lBLL01$h1406
=CAT  \\$aIPL-CLA$c20221231$lBLL01$h1452
=CAT  \\$a5410$b40$c20230412$lBLL01$h1442
=CFI  0\$aCurrent copyright fee: GBP29.95$c22\1$e01-jan-2023$fGBP29.95$g0$hP$5Uk
=CFI  2\$aPrevious copyright fee: GBP34.00$c22\1$e01-jul-2018$fGBP34.00$g0$hP$5Uk
=EST  \\$a1
=FFP  \\$aY$bBLDSS-3PM
=FIN  \\$aY$d20140519
=LKR  \\$aPAR$b007872354$lBLL01$nProceedings of the National Academy of Sciences, India, Section B, Biological sciences (Print)$mProceedings of the National Academy of Sciences, India, Section B, Biological sciences (Online)$r776
=MNI  \\$a0369-8211
=TOC  \\$aETOC
=UNO  \\$aY
=ACF  \\$aPrevious copyright fee: GBP24.97$c22\1$e05-feb-2014$fGBP24.97$g0$hP$5Uk
=ACF  \\$aPrevious copyright fee: GBP24.21$c22\1$e01-jul-2014$fGBP24.21$g0$hP$5Uk
=ACF  \\$aPrevious copyright fee: GBP25.77$c22\1$e01-apr-2015$fGBP25.77$g0$hP$5Uk
=ACF  \\$aPrevious copyright fee: GBP26.63$c22\1$e01-jul-2015$fGBP26.63$g0$hP$5Uk
=ACF  \\$aPrevious copyright fee: GBP25.77$c22\1$e01-oct-2015$fGBP25.77$g0$hP$5Uk
=ACF  \\$aPrevious copyright fee: GBP27.55$c22\1$e01-apr-2016$fGBP27.55$g0$hP$5Uk
=ACF  \\$aPrevious copyright fee: GBP29.59$c22\1$e01-oct-2016$fGBP29.59$g0$hP$5Uk
=ACF  \\$aPrevious copyright fee: GBP31.96$c22\1$e01-apr-2017$fGBP31.96$g0$hP$5Uk
=ACF  \\$aPrevious copyright fee: GBP30.73$c22\1$e01-oct-2017$fGBP30.73$g0$hP$5Uk
=ACF  \\$aPrevious copyright fee: GBP28.54$c22\1$e01-apr-2018$fGBP28.54$g0$hP$5Uk
=LAS  \\$a5410$b40$c20230412$lBLL01$h1442

