=LDR  03259cas a2200793 i 4500
=001  016804580
=003  Uk
=005  20221231145250.0
=006  m\\\\\\\\d\\\\\\\\
=007  cr\|||||||||||
=008  140731c20089999sz\uu\p\s\\\\\0\\\a0eng\\
=FMT  \\$a  SE
=022  \\$a1937-1217
=040  \\$aUk$beng$cUk$erda
=210  0\$aInt. j. cogn. ther.$b(Online)
=222  \0$aInternational journal of cognitive therapy$b(Online)
=245  00$aInternational journal of cognitive therapy.
=264  \1$aNew York :$bGuilford$c[2012]
=264  31$32018-$a[Cham, Switzerland] :$bSpringer International Publishing
=336  \\$atext$2rdacontent
=337  \\$acomputer$2rdamedia
=338  \\$aonline resource$2rdacarrier
=538  \\$aMode of access: World Wide Web.
=540  \\$aCurrent copyright fee: GBP29.95$c22\1$5Uk
=859  \\$aXLD$bejournal
=856  \\$31850-9999$uhttp://link.springer.com/$xBLDSS
=856  40$uhttps://link.springer.com/journal/41811
=852  41$aBritish Library$bDSC$j4542.172370$3Volume 5:Issue 1(2012)-Volume 10:Issue 1(2017)
=945  \\$aInternational journal of cognitive therapy
=959  \\$fHeld but not currently received
=CAT  \\$a12654$b40$c20140731$lBLL01$h1618
=CAT  \\$aBLDSS-3PM$b00$c20150131$lBLL01$h2315
=CAT  \\$aBATCH-UPD$b00$c20160524$lBLL01$h2301
=CAT  \\$aBATCH-UPD$b00$c20160525$lBLL01$h0655
=CAT  \\$a12654$b40$c20171113$lBLL01$h1125
=CAT  \\$a5552$b40$c20171222$lBLL01$h1357
=CAT  \\$aIPL-CLA$c20171231$lBLL01$h1825
=CAT  \\$aBATCH-UPD$b00$c20180223$lBLL01$h1706
=CAT  \\$aIPL-CLA$c20180331$lBLL01$h1709
=CAT  \\$a8055$b40$c20180509$lBLL01$h1028
=CAT  \\$a10806$b40$c20180511$lBLL01$h0910
=CAT  \\$aBATCH-UPD$b40$c20180524$lBLL01$h1709
=CAT  \\$a5552$b40$c20180612$lBLL01$h1156
=CAT  \\$a5552$b40$c20181109$lBLL01$h0856
=CAT  \\$aBATCH-CLA$b00$c20191219$lBLL01$h1801
=CAT  \\$aIPL-CLA$c20191231$lBLL01$h2038
=CAT  \\$aR2001-1524$c20200127$lBLL01$h2103
=CAT  \\$aW1908-0780$b00$c20200730$lBLL01$h1333
=CAT  \\$a5552$b40$c20200819$lBLL01$h0921
=CAT  \\$aBATCH-UNOA$c20200825$lBLL01$h2105
=CAT  \\$aBLDSS-3PM$b00$c20200828$lBLL01$h1100
=CAT  \\$aBATCH-UPD$b00$c20200828$lBLL01$h1100
=CAT  \\$aCDS21$c20220118$lBLL01$h1105
=CAT  \\$aBATCH-UPD$b00$c20221121$lBLL01$h1406
=CAT  \\$aIPL-CLA$c20221231$lBLL01$h1452
=CFI  0\$aCurrent copyright fee: GBP29.95$c22\1$e01-jan-2023$fGBP29.95$g0$hP$5Uk
=CFI  2\$aPrevious copyright fee: GBP34.00$c22\1$e19-aug-2020$fGBP34.00$g0$hP$5Uk
=EST  \\$a1
=FFP  \\$aY$bBLDSS-3PM
=MNI  \\$a1937-1209
=TOC  \\$aETOC
=UNO  \\$aY
=ACF  \\$aPrevious copyright fee: GBP5.00$c69\0$e31-jul-2014$fGBP5.00$g0$hP$5Uk
=ACF  \\$aPrevious copyright fee: GBP5.00$c69\0$e12-jun-2018$fGBP5.00$g0$hP$5Uk
=ACF  \\$aPrevious copyright fee: GBP28.54$c22\1$e01-apr-2018$fGBP28.54$g0$hP$5Uk
=ACF  \\$aPrevious Copyright Fee: GBP30.73$c22\1$e01-jan-2018$fGBP30.73$g0$hP$5Uk
=ACF  \\$aPrevious Copyright Fee: GBP20.00$c0$e01-jan-2020$fGBP20.00$g0$hA$5Uk
=ACF  \\$aPrevious copyright fee: GBP17.50$c0$e09-nov-2018$fGBP17.50$g0$hA$5Uk
=LAS  \\$aIPL-CLA$b00$c20221231$lBLL01$h1452

