=LDR  04050cas a2200925 i 4500
=001  017368327
=003  Uk
=005  20230416122304.0
=006  m\\\\\\\\d\\\\\\\\
=007  cr\|||||||||||
=008  150520c20149999ko\qr\p\o\\\\\0\\\a0eng\\
=FMT  \\$a  SE
=022  \\$a2198-0810$y2288-6206
=040  \\$aUk$beng$cUk$erda
=042  \\$aukblsr
=082  04$a680.286$223
=245  00$aInternational journal of precision engineering and manufacturing.$pGreen technology.
=264  \1$a[Seoul] :$bKorean Society of Precision Engineering ;$bSpringer,$c2014-
=300  \\$billustrations (colour)
=310  \\$aQuarterly
=336  \\$atext$2rdacontent
=337  \\$acomputer$2rdamedia
=338  \\$aonline resource$2rdacarrier
=362  0\$aVol. 1, no. 1 (January 2014)-
=500  \\$aTitle from PDF article running title (Springer Link, viewed September 2, 2015).
=588  \\$aLatest issue consulted: volume 2, number 3 (July 2015) (viewed September 2, 2015).
=540  \\$aCurrent copyright fee: GBP29.95$c22\1$5Uk
=650  \0$aGreen technology$vPeriodicals.
=650  \0$aProduction engineering$xEnvironmental aspects$vPeriodicals.
=650  \0$aManufacturing industries$xEnvironmental aspects$vPeriodicals.
=776  08$iAlso issued in print as:$tInternational journal of precision engineering and manufacturing. Green technology$x2288-6206
=856  40$uhttp://link.springer.com/journal/40684
=856  40$31850-9999$uhttp://link.springer.com$xBLDSS
=859  \\$aXLD$bejournal
=852  41$aBritish Library$bDSC$j4542.481772$3Volume 1:Issue 1(2014)-Volume 5:Issue 1(2018)***See ESTAR for full holdings.
=945  \\$aInternational journal of precision engineering and manufacturing green technology
=959  \\$fHeld but not currently received
=979  \\$aBritish Library$bDSC$j4542.481772
=CAT  \\$a12654$b40$c20150520$lBLL01$h1127
=CAT  \\$a5552$b40$c20150521$lBLL01$h1341
=CAT  \\$aBLDSS-3PM$b00$c20150611$lBLL01$h1743
=CAT  \\$a8323$b40$c20150902$lBLL01$h0857
=CAT  \\$aBATCH-UPD$b40$c20160217$lBLL01$h1721
=CAT  \\$aIPL-CLA$c20160331$lBLL01$h1819
=CAT  \\$aBATCH-UPD$b00$c20160524$lBLL01$h2216
=CAT  \\$aBATCH-UPD$b00$c20160525$lBLL01$h0059
=CAT  \\$aBATCH-UPD$b00$c20160824$lBLL01$h1750
=CAT  \\$aIPL-CLA$c20160930$lBLL01$h1643
=CAT  \\$a5410$b40$c20170124$lBLL01$h1533
=CAT  \\$aBATCH-UPD$b40$c20170216$lBLL01$h1837
=CAT  \\$a5410$b40$c20170307$lBLL01$h1545
=CAT  \\$aIPL-CLA$c20170331$lBLL01$h1923
=CAT  \\$aBATCH-UPD$b00$c20170904$lBLL01$h1846
=CAT  \\$aIPL-CLA$c20170929$lBLL01$h1808
=CAT  \\$aBATCH-UPD$b00$c20180223$lBLL01$h1706
=CAT  \\$aIPL-CLA$c20180331$lBLL01$h1712
=CAT  \\$aW1805-0475$c20180520$lBLL01$h1632
=CAT  \\$aBATCH-UPD$b00$c20180524$lBLL01$h1709
=CAT  \\$aIPL-CLA$c20180630$lBLL01$h1942
=CAT  \\$aW1908-0780$b00$c20200730$lBLL01$h1333
=CAT  \\$a5552$b40$c20200819$lBLL01$h0811
=CAT  \\$aCDS21$c20220118$lBLL01$h1105
=CAT  \\$aBATCH-UPD$b00$c20221121$lBLL01$h1406
=CAT  \\$aIPL-CLA$c20221231$lBLL01$h1453
=CAT  \\$a5410$b40$c20230416$lBLL01$h1223
=CFI  0\$aCurrent copyright fee: GBP29.95$c22\1$e01-jan-2023$fGBP29.95$g0$hP$5Uk
=CFI  2\$aPrevious copyright fee: GBP34.00$c22\1$e01-jul-2018$fGBP34.00$g0$hP$5Uk
=EST  \\$a1
=FFP  \\$aY$bBLDSS-3PM
=FIN  \\$aY$d20150902
=MNI  \\$a2288-6206
=TOC  \\$aETOC
=UNO  \\$aY
=ACF  \\$aPrevious copyright fee: GBP25.77$c22\1$e20-may-2015$fGBP25.77$g0$hP$5Uk
=ACF  \\$aPrevious copyright fee: GBP27.55$c22\1$e01-apr-2016$fGBP27.55$g0$hP$5Uk
=ACF  \\$aPrevious copyright fee: GBP29.59$c22\1$e01-oct-2016$fGBP29.59$g0$hP$5Uk
=ACF  \\$aPrevious copyright fee: GBP31.96$c22\1$e01-apr-2017$fGBP31.96$g0$hP$5Uk
=ACF  \\$aPrevious copyright fee: GBP30.73$c22\1$e01-oct-2017$fGBP30.73$g0$hP$5Uk
=ACF  \\$aPrevious copyright fee: GBP28.54$c22\1$e01-apr-2018$fGBP28.54$g0$hP$5Uk
=LAS  \\$a5410$b40$c20230416$lBLL01$h1223

