=LDR  05025cas a2201141 a 4500
=001  017369104
=003  Uk
=005  20230508115547.0
=006  m\\\\\o\\d\\\\\\\\
=007  cr\|||||||||||
=008  080116c20009999cc\br\pso\\\\\0\\\a0eng\d
=FMT  \\$a  SE
=022  \\$a2199-4757
=035  \\$a(OCoLC)190845348
=040  \\$aOCLCS$beng$cOCLCS$dOCLCS$dOCLCQ$dOCLCO$dLND$dOCLCO$dOCLCF$dOCLCO$dUk
=042  \\$aukblsr
=060  \4$aW1$bCH982DS
=082  04$a610.2805$223
=245  00$aJournal of medical and biological engineering$h[electronic resource].
=246  1\$iOther title in Chinese:$aZhonghua yi xue gong cheng xue kan
=246  13$aJMBE
=260  \\$aTaipei :$bBiomedical Engineering Society of ROC
=264  31$32015-$aBeijing :$bSpringer
=310  \\$aBimonthly,$b<2009- >
=321  \\$aQuarterly
=336  \\$atext$2rdacontent
=337  \\$acomputer$2rdamedia
=338  \\$aonline resource$2rdacarrier
=362  1\$aPrint began with v. 20, no. 4 (Dec. 2000).
=530  \\$aAlso issued in print.
=538  \\$aMode of access: World Wide Web.
=546  \\$aIn Chinese and English.
=550  \\$aOfficial journal of the Biomedical Engineering Society of R.O.C. ; <2015- > Taiwanese Society of Biomedical Engineering.
=588  \\$aDescription based on print version record.
=588  \\$aLatest issue consulted: volume 35, issue 4 (August 2015) (SpringerLink, viewed September 2, 2015).
=540  \\$aCurrent copyright fee: GBP29.95$c22\1$5Uk
=650  \0$aBiomedical engineering$vPeriodicals.
=650  12$aBiomedical Engineering$vPeriodicals.
=650  \7$aBiomedical engineering.$2fast$0(OCoLC)fst00832568
=655  \7$aPeriodicals.$2fast$0(OCoLC)fst01411641
=710  2\$aZhonghua min guo yi xue gong cheng xue hui.
=776  1\$tJournal of medical and biological engineering$x1609-0985
=780  00$tChinese journal of medical and biological engineering
=856  \\$31850-9999$uhttp://link.springer.com$xBLDSS
=856  40$uhttp://www.ceps.com.tw/ec/ecJnlIntro.aspx?Jnliid=3312
=856  40$uhttp://jmbe.bme.ncku.edu.tw/index.php/bme/index.php?action=archives
=856  40$uhttp://link.springer.com/journal/volumesAndIssues/40846
=859  \\$aXLD$bejournal
=852  41$aBritish Library$bDSC$j5017.047550$3Volume 35:Issue 1(2015)-Volume 38:Issue 1(2018)***See ESTAR for full holdings.
=945  \\$aJournal of medical and biological engineering.
=959  \\$fHeld but not currently received
=979  \\$aBritish Library$bDSC$j5017.047550
=985  \\$aAC - ? new 410 or new heading for Taiwanese Society of Biomedical Engineering
=CAT  \\$a12654$b40$c20150522$lBLL01$h1200
=CAT  \\$a11316$b40$c20150902$lBLL01$h1258
=CAT  \\$a11316$b40$c20150902$lBLL01$h1346
=CAT  \\$a11316$b40$c20150902$lBLL01$h1423
=CAT  \\$a11316$b40$c20150902$lBLL01$h1445
=CAT  \\$aIPL-CLA$c20150930$lBLL01$h1855
=CAT  \\$aBATCH-UPD$b00$c20160217$lBLL01$h1814
=CAT  \\$aIPL-CLA$c20160331$lBLL01$h1819
=CAT  \\$aBATCH-UPD$b00$c20160524$lBLL01$h2200
=CAT  \\$aBATCH-UPD$b00$c20160524$lBLL01$h2307
=CAT  \\$aBATCH-UPD$b00$c20160824$lBLL01$h1839
=CAT  \\$aIPL-CLA$c20160930$lBLL01$h1644
=CAT  \\$aBATCH-UPD$b00$c20170216$lBLL01$h1922
=CAT  \\$aIPL-CLA$c20170331$lBLL01$h1923
=CAT  \\$aBATCH-UPD$b00$c20170904$lBLL01$h1943
=CAT  \\$aIPL-CLA$c20170929$lBLL01$h1808
=CAT  \\$aBATCH-UPD$b00$c20180223$lBLL01$h1822
=CAT  \\$aIPL-CLA$c20180331$lBLL01$h1712
=CAT  \\$aW1805-0475$c20180520$lBLL01$h1632
=CAT  \\$aBATCH-UPD$b00$c20180524$lBLL01$h1740
=CAT  \\$aIPL-CLA$c20180630$lBLL01$h1942
=CAT  \\$aW1908-0780$b00$c20200730$lBLL01$h1333
=CAT  \\$a5552$b40$c20200819$lBLL01$h0811
=CAT  \\$aCDS21$c20220118$lBLL01$h1105
=CAT  \\$aBATCH-UPD$b00$c20221121$lBLL01$h1406
=CAT  \\$aIPL-CLA$c20221231$lBLL01$h1453
=CAT  \\$a5410$b40$c20230508$lBLL01$h1155
=CFI  0\$aCurrent copyright fee: GBP29.95$c22\1$e01-jan-2023$fGBP29.95$g0$hP$5Uk
=CFI  2\$aPrevious copyright fee: GBP34.00$c22\1$e01-jul-2018$fGBP34.00$g0$hP$5Uk
=EST  \\$a1
=FFP  \\$aY$bBLDSS-3PM
=FIN  \\$aY$d20150902
=MNI  \\$a1609-0985
=SID  \\$aZ39$bOCLC
=TOC  \\$aETOC
=UNO  \\$aY
=ACF  \\$aPrevious copyright fee: GBP25.77$c4\1$e22-may-2015$fGBP25.77$g0$hP$5Uk
=ACF  \\$aPrevious copyright fee: GBP26.63$c4\1$e01-jul-2015$fGBP26.63$g0$hP$5Uk
=ACF  \\$aPrevious copyright fee: GBP25.77$c4\1$e01-oct-2015$fGBP25.77$g0$hP$5Uk
=ACF  \\$aPrevious copyright fee: GBP27.55$c4\1$e01-apr-2016$fGBP27.55$g0$hP$5Uk
=ACF  \\$aPrevious copyright fee: GBP29.59$c4\1$e01-oct-2016$fGBP29.59$g0$hP$5Uk
=ACF  \\$aPrevious copyright fee: GBP31.96$c4\1$e01-apr-2017$fGBP31.96$g0$hP$5Uk
=ACF  \\$aPrevious copyright fee: GBP30.73$c4\1$e01-oct-2017$fGBP30.73$g0$hP$5Uk
=ACF  \\$aPrevious copyright fee: GBP28.54$c4\1$e01-apr-2018$fGBP28.54$g0$hP$5Uk
=LAS  \\$a5410$b40$c20230508$lBLL01$h1155

