=LDR  03936cas a2200937 i 4500
=001  017369129
=003  Uk
=005  20230416121457.0
=006  m\\\\\\\\d\\\\\\\\
=007  cr\|||||||||||
=008  150522c20159999sz\qx\p\s\\\\\0\\\a0eng\\
=FMT  \\$a  SE
=022  \\$a2199-2673
=040  \\$aUk$beng$cUk$erda
=042  \\$aukblsr
=082  04$a618.928$223
=210  0\$aJournal of pediatric neuropsychology$b(Internet)
=222  \0$aJournal of pediatric neuropsychology$b(Internet)
=245  00$aJournal of pediatric neuropsychology.
=264  \1$a[Cham] :$bSpringer,$c2015-
=300  \\$billustrations (black and white)
=310  \\$aFour times a year
=336  \\$atext$2rdacontent
=337  \\$acomputer$2rdamedia
=338  \\$aonline resource$2rdacarrier
=362  0\$aVolume 1, issue 1-4 (December 2015)-
=500  \\$aTitle from journal home page (SpringerLink, viewed November 1, 2016).
=515  \\$aSome issues are combined.
=588  \\$aLatest issue consulted: Volume 2, issue 3-4 (November 2016).
=538  \\$aMode of access: World Wide Web.
=540  \\$aCurrent copyright fee: GBP29.95$c22\1$5Uk
=650  \0$aPediatric neuropsychology$vPeriodicals.
=710  2\$aAmerican Academy of Pediatric Neuropsychology,$eissuing body.
=776  08$iAlso issued in print as:$tJournal of pediatric neuropsychology$x2199-2681
=856  40$31850-9999$uhttp://link.springer.com$xBLDSS
=856  40$uhttp://www.springer.com/psychology/neuropsychology/journal/40817
=859  \\$aXLD$bejournal
=852  41$aBritish Library$bDSC$j5030.185500$3Volume 1:Issue 1/4(2015)-Volume 3:Issue 3/4(2017)***See ESTAR for full holdings.
=945  \\$aJournal of pediatric neuropsychology
=959  \\$fHeld but not currently received
=979  \\$aBritish Library$bDSC$j5030.185500
=CAT  \\$a12654$b40$c20150522$lBLL01$h1404
=CAT  \\$a12654$b40$c20150527$lBLL01$h1352
=CAT  \\$aBLDSS-3PM$b00$c20150611$lBLL01$h1743
=CAT  \\$aBATCH-UPD$b00$c20160217$lBLL01$h1814
=CAT  \\$aIPL-CLA$c20160331$lBLL01$h1819
=CAT  \\$aBATCH-UPD$b00$c20160520$lBLL01$h0915
=CAT  \\$aBATCH-UPD$b00$c20160524$lBLL01$h2200
=CAT  \\$aBATCH-UPD$b00$c20160824$lBLL01$h1839
=CAT  \\$aIPL-CLA$c20160930$lBLL01$h1644
=CAT  \\$a8124$b40$c20161101$lBLL01$h1546
=CAT  \\$aBATCH-UPD$b40$c20161101$lBLL01$h1547
=CAT  \\$aBATCH-UPD$b40$c20170216$lBLL01$h1922
=CAT  \\$aIPL-CLA$c20170331$lBLL01$h1923
=CAT  \\$aBATCH-UPD$b00$c20170904$lBLL01$h1943
=CAT  \\$aIPL-CLA$c20170929$lBLL01$h1808
=CAT  \\$aBATCH-UPD$b00$c20180223$lBLL01$h1822
=CAT  \\$aIPL-CLA$c20180331$lBLL01$h1712
=CAT  \\$aW1805-0475$c20180520$lBLL01$h1632
=CAT  \\$aBATCH-UPD$b00$c20180524$lBLL01$h1740
=CAT  \\$aIPL-CLA$c20180630$lBLL01$h1942
=CAT  \\$aW1908-0780$b00$c20200730$lBLL01$h1333
=CAT  \\$aCDS21$c20220118$lBLL01$h1106
=CAT  \\$aBATCH-UPD$b00$c20221121$lBLL01$h1406
=CAT  \\$aIPL-CLA$c20221231$lBLL01$h1453
=CAT  \\$a5410$b40$c20230416$lBLL01$h1214
=CFI  0\$aCurrent copyright fee: GBP29.95$c22\1$e01-jan-2023$fGBP29.95$g0$hP$5Uk
=CFI  2\$aPrevious copyright fee: GBP34.00$c22\1$e01-jul-2018$fGBP34.00$g0$hP$5Uk
=EST  \\$a1
=FFP  \\$aY$bBLDSS-3PM
=FIN  \\$aY$d20161101
=MNI  \\$a2199-2681
=TOC  \\$aETOC
=UNO  \\$aY
=ACF  \\$aPrevious copyright fee: GBP25.77$c4\1$e22-may-2015$fGBP25.77$g0$hP$5Uk
=ACF  \\$aPrevious copyright fee: GBP27.55$c4\1$e01-apr-2016$fGBP27.55$g0$hP$5Uk
=ACF  \\$aPrevious copyright fee: GBP29.59$c4\1$e01-oct-2016$fGBP29.59$g0$hP$5Uk
=ACF  \\$aPrevious copyright fee: GBP31.96$c4\1$e01-apr-2017$fGBP31.96$g0$hP$5Uk
=ACF  \\$aPrevious copyright fee: GBP30.73$c4\1$e01-oct-2017$fGBP30.73$g0$hP$5Uk
=ACF  \\$aPrevious copyright fee: GBP28.54$c4\1$e01-apr-2018$fGBP28.54$g0$hP$5Uk
=LAS  \\$a5410$b40$c20230416$lBLL01$h1214

