=LDR  04163cas a2200973 i 4500
=001  017369139
=003  Uk
=005  20230416121957.0
=006  m\\\\\o\\d\\\\\\\\
=007  cr\|||||||||||
=008  160630c20149999ii\fr\p\o\\\\\0\\\a0eng\d
=FMT  \\$a  SE
=022  \\$a2198-963X$y2198-9834
=035  \\$a(OCoLC)952551002
=040  \\$aHNK$beng$cHNK$dOCLCO$dOCLCF$dOCLCO$dUk$erda
=042  \\$aukblsr
=082  04$a616.891$223
=222  \0$aJournal of psychosocial rehabilitation and mental health$b(Internet)
=245  00$aJournal of psychosocial rehabilitation and mental health.
=246  1\$aJ. psychosoc. rehabil. ment. health
=246  13$aJPRM
=264  \1$a[New Delhi] :$bSpringer India,$c[2014]-
=310  \\$aSemiannual
=336  \\$atext$btxt$2rdacontent
=337  \\$acomputer$bc$2rdamedia
=338  \\$aonline resource$bcr$2rdacarrier
=362  1\$aBegan with volume 1, issue 1 (June 2014).
=588  0\$aVolume 1, issue 1 (June 2014); title from journal home page (SpringerLink, viewed June 30, 2016).
=588  \\$aLatest issue consulted: Volume 3, issue 1 (June 2016) (viewed November 3, 2016).
=540  \\$aCurrent copyright fee: GBP29.95$c22\1$5Uk
=650  \0$aMentally ill$xRehabilitation$vPeriodicals.
=650  \0$aMental health$vPeriodicals.
=650  \7$aMental health.$2fast$0(OCoLC)fst01016339
=650  \7$aMentally ill$xRehabilitation.$2fast$0(OCoLC)fst01016757
=655  \7$aPeriodicals.$2fast$0(OCoLC)fst01411641
=776  08$iPrint version:$tJournal of psychosocial rehabilitation and mental health$x2198-9834
=856  \\$31850-9999$uhttp://link.springer.com$xBLDSS
=856  40$uhttp://link.springer.com/journal/40737
=859  \\$aXLD$bejournal
=852  41$aBritish Library$bDSC$j5043.478500$3Volume 1:Issue 1(2014)-Volume 4:Issue 2(2017)***See ESTAR for full holdings.
=945  \\$aJournal of psychosocial rehabilitation and mental health.
=959  \\$fHeld but not currently received
=979  \\$aBritish Library$bDSC$j5043.478500
=CAT  \\$a12654$b40$c20150522$lBLL01$h1426
=CAT  \\$a12654$b40$c20150527$lBLL01$h1357
=CAT  \\$aBLDSS-3PM$b00$c20150611$lBLL01$h1743
=CAT  \\$aBATCH-UPD$b00$c20160217$lBLL01$h1814
=CAT  \\$aIPL-CLA$c20160331$lBLL01$h1819
=CAT  \\$aBATCH-UPD$b00$c20160524$lBLL01$h2200
=CAT  \\$aBATCH-UPD$b00$c20160524$lBLL01$h2307
=CAT  \\$aBATCH-UPD$b00$c20160824$lBLL01$h1839
=CAT  \\$aIPL-CLA$c20160930$lBLL01$h1644
=CAT  \\$a8124$b40$c20161103$lBLL01$h0946
=CAT  \\$a8124$b40$c20161103$lBLL01$h0947
=CAT  \\$aBATCH-UPD$b40$c20170216$lBLL01$h1922
=CAT  \\$aIPL-CLA$c20170331$lBLL01$h1923
=CAT  \\$aBATCH-UPD$b00$c20170904$lBLL01$h1943
=CAT  \\$aIPL-CLA$c20170929$lBLL01$h1808
=CAT  \\$aBATCH-UPD$b00$c20180223$lBLL01$h1822
=CAT  \\$aIPL-CLA$c20180331$lBLL01$h1712
=CAT  \\$aW1805-0475$c20180520$lBLL01$h1632
=CAT  \\$aBATCH-UPD$b00$c20180524$lBLL01$h1740
=CAT  \\$aIPL-CLA$c20180630$lBLL01$h1942
=CAT  \\$aW1908-0780$b00$c20200730$lBLL01$h1333
=CAT  \\$aCDS21$c20220118$lBLL01$h1106
=CAT  \\$aBATCH-UPD$b00$c20221121$lBLL01$h1406
=CAT  \\$aIPL-CLA$c20221231$lBLL01$h1453
=CAT  \\$a5410$b40$c20230416$lBLL01$h1219
=CFI  0\$aCurrent copyright fee: GBP29.95$c22\1$e01-jan-2023$fGBP29.95$g0$hP$5Uk
=CFI  2\$aPrevious copyright fee: GBP34.00$c22\1$e01-jul-2018$fGBP34.00$g0$hP$5Uk
=EST  \\$a1
=FFP  \\$aY$bBLDSS-3PM
=FIN  \\$aY$d20161103
=MNI  \\$a2198-9834
=SID  \\$aZ39$bOCLC
=TOC  \\$aETOC
=UNO  \\$aY
=ACF  \\$aPrevious copyright fee: GBP25.77$c4\1$e22-may-2015$fGBP25.77$g0$hP$5Uk
=ACF  \\$aPrevious copyright fee: GBP27.55$c4\1$e01-apr-2016$fGBP27.55$g0$hP$5Uk
=ACF  \\$aPrevious copyright fee: GBP29.59$c4\1$e01-oct-2016$fGBP29.59$g0$hP$5Uk
=ACF  \\$aPrevious copyright fee: GBP31.96$c4\1$e01-apr-2017$fGBP31.96$g0$hP$5Uk
=ACF  \\$aPrevious copyright fee: GBP30.73$c4\1$e01-oct-2017$fGBP30.73$g0$hP$5Uk
=ACF  \\$aPrevious copyright fee: GBP28.54$c4\1$e01-apr-2018$fGBP28.54$g0$hP$5Uk
=LAS  \\$a5410$b40$c20230416$lBLL01$h1219

