=LDR  04963cas a2201189 i 4500
=001  017371764
=003  Uk
=005  20230501203244.0
=006  m\\\\\o\\d\\\\\\\\
=007  cr\un|||||||||
=008  050614c19379999ohuqr\p\o\\\\\0\\\a0eng\\
=FMT  \\$a  SE
=010  \\$a  2011200859
=022  0\$a2163-3452$y0033-2933$21
=035  \\$a(OCoLC)60623238$z(OCoLC)652413081
=040  \\$aOCLCS$beng$cOCLCS$dOCLCG$dAUD$dOCLCQ$dCO3$dOCLCQ$dOCLCE$dDLC$dOCLCQ$dOCLCF$dOCLCA$dOCLCO$dOCLCQ$dOCLCO$dOCLCQ$dUk
=042  \\$aukblsr
=050  14$aBF1$b.P68
=060  \4$aW1$bPS632
=082  04$a150.5$223
=130  0\$aPsychological record (Online)
=222  \0$aPsychological record$b(Online)
=245  14$aThe Psychological record.
=260  \\$aGranville, Ohio :$bDenison University
=264  \1$3<2014?>-$aHeidelberg :$bSpringer
=300  \\$billustrations, tables, diagrams ;
=310  \\$aQuarterly,$b<Jan. 1957->
=321  \\$aIrregular,$b1937-
=336  \\$atext$btxt$2rdacontent
=337  \\$acomputer$bc$2rdamedia
=338  \\$aonline resource$bcr$2rdacarrier
=362  1\$aPrint began with v. 1 in Mar. 1937.
=500  \\$aEditor: 1937-<Dec. 1937> J.R. Kantor.
=504  \\$aMost numbers include bibliographies.
=515  \\$aSuspended 1946-55.
=515  \\$aVol. 5 covers years 1942-1945.
=520  \\$aVols. 1-5 consist of monographs.
=530  \\$aAlso issued in print.
=538  \\$aMode of access: World Wide Web.
=588  \\$aDescription based on: Vol. 50, issue 1 (winter 2000); title from banner (Southern Illinois University Carbondale website, viewed Sept. 1, 2011).
=588  \\$aLatest issue consulted: Volume 66, issue 3 (September 2016) (SpringerLink, viewed November 3, 2016).
=540  \\$aCurrent copyright fee: GBP29.95$c22\1$5Uk
=650  \0$aPsychology$vPeriodicals.
=650  \2$aPsychology.
=650  \2$aPsychology, Experimental.
=650  \6$aPsychologie$vPériodiques.
=650  \7$aPsychology.$2fast$0(OCoLC)fst01081447
=650  17$aPsychologie.$2gtt
=655  \2$aPeriodicals.
=655  \7$aPeriodicals.$2fast$0(OCoLC)fst01411641
=700  1\$aKantor, J. R.$q(Jacob Robert),$d1888-1984.
=710  2\$aDenison University.
=776  1\$tPsychological record$x0033-2933
=856  \\$31850-9999$uhttp://link.springer.com$xBLDSS
=856  40$uhttp://link.springer.com/journal/volumesAndIssues/40732
=856  40$uhttp://www.thepsychologicalrecord.org/welcome.htm
=856  40$uhttp://opensiuc.lib.siu.edu/tpr/vol60/iss4/
=859  \\$aXLD$bejournal
=852  \\$aBritish Library$bDSC$j6946.520000$3Volume 47:Issue 1(1997)-Volume 67:Issue 4(2017)***See ESTAR for full holdings.
=945  \\$aPsychological record
=959  \\$fHeld but not currently received
=979  \\$aBritish Library$bDSC$j6946.520000
=CAT  \\$a12654$b40$c20150526$lBLL01$h1633
=CAT  \\$aBLDSS-3PM$b00$c20150611$lBLL01$h1743
=CAT  \\$aBATCH-UPD$b00$c20160217$lBLL01$h1814
=CAT  \\$aIPL-CLA$c20160331$lBLL01$h1819
=CAT  \\$aBATCH-UPD$b00$c20160524$lBLL01$h2200
=CAT  \\$aBATCH-UPD$b00$c20160524$lBLL01$h2307
=CAT  \\$aBATCH-UPD$b00$c20160824$lBLL01$h1839
=CAT  \\$aIPL-CLA$c20160930$lBLL01$h1644
=CAT  \\$a8124$b40$c20161103$lBLL01$h1339
=CAT  \\$aBATCH-UPD$b40$c20170216$lBLL01$h1922
=CAT  \\$aIPL-CLA$c20170331$lBLL01$h1923
=CAT  \\$aBATCH-UPD$b00$c20170904$lBLL01$h1943
=CAT  \\$aIPL-CLA$c20170929$lBLL01$h1808
=CAT  \\$aBATCH-UPD$b00$c20180223$lBLL01$h1822
=CAT  \\$aIPL-CLA$c20180331$lBLL01$h1712
=CAT  \\$aW1805-0475$c20180520$lBLL01$h1632
=CAT  \\$aBATCH-UPD$b00$c20180524$lBLL01$h1740
=CAT  \\$aIPL-CLA$c20180630$lBLL01$h1942
=CAT  \\$aW1908-0780$b00$c20200730$lBLL01$h1333
=CAT  \\$aCDS21$c20220118$lBLL01$h1106
=CAT  \\$aBATCH-UPD$b00$c20221121$lBLL01$h1406
=CAT  \\$aIPL-CLA$c20221231$lBLL01$h1453
=CAT  \\$a5410$b40$c20230501$lBLL01$h2032
=CFI  0\$aCurrent copyright fee: GBP29.95$c22\1$e01-jan-2023$fGBP29.95$g0$hP$5Uk
=CFI  2\$aPrevious copyright fee: GBP34.00$c22\1$e01-jul-2018$fGBP34.00$g0$hP$5Uk
=EST  \\$a1
=FFP  \\$aY$bBLDSS-3PM
=FIN  \\$aY$d20161103
=LKR  \\$aPAR$b008209074$lBLL01$nPsychological record (Print)$mPsychological record (Online)$r776
=MNI  \\$a0033-2933
=SID  \\$aZ39$bOCLC
=TOC  \\$aETOC
=UNO  \\$aY
=ACF  \\$aPrevious copyright fee: GBP25.77$c4\1$e26-may-2015$fGBP25.77$g0$hP$5Uk
=ACF  \\$aPrevious copyright fee: GBP27.55$c4\1$e01-apr-2016$fGBP27.55$g0$hP$5Uk
=ACF  \\$aPrevious copyright fee: GBP29.59$c4\1$e01-oct-2016$fGBP29.59$g0$hP$5Uk
=ACF  \\$aPrevious copyright fee: GBP31.96$c4\1$e01-apr-2017$fGBP31.96$g0$hP$5Uk
=ACF  \\$aPrevious copyright fee: GBP30.73$c4\1$e01-oct-2017$fGBP30.73$g0$hP$5Uk
=ACF  \\$aPrevious copyright fee: GBP28.54$c4\1$e01-apr-2018$fGBP28.54$g0$hP$5Uk
=LAS  \\$a5410$b40$c20230501$lBLL01$h2032

