=LDR  04221cas a2201009 i 4500
=001  017379623
=003  Uk
=005  20230416122433.0
=006  m\\\\\\\\d\\\\\\\\
=007  cr\|||||||||||
=008  150602c20159999gw\qr\p\o\\\\\0\\\a0eng\\
=FMT  \\$a  SE
=022  \\$a2199-241X$y2199-2401
=040  \\$aUk$beng$cUk$dUk$erda
=042  \\$aissnuk$aukblsr
=082  04$a599.05$223
=210  10$aMamm. res.
=222  \0$aMammal research$b(Internet)
=245  00$aMammal research.
=264  \1$aBerlin :$bSpringer,$c2015-
=300  \\$billustrations (black and white), maps (black and white)
=310  \\$aQuarterly
=336  \\$atext$2rdacontent
=337  \\$acomputer$2rdamedia
=338  \\$aonline resource$2rdacarrier
=362  0\$aVolume 60, issue 1 (January 2015)-
=500  \\$aTitle from table of contents page (Springer Link, viewed August 24, 2015).
=580  \\$aIncludes issues of earlier title: Acta theriologica.
=588  \\$aLatest issue consulted: volume 60, issue 3 (July 2015) (viewed August 24, 2015).
=540  \\$aCurrent copyright fee: GBP29.95$c22\1$5Uk
=650  \0$aMammalogy$vPeriodicals.
=650  \0$aMammals$vPeriodicals.
=776  08$iAlso issued in print as:$tMammal research$x2199-2401
=780  10$tActa theriologica (Online)$x2190-3743
=856  40$uhttp://link.springer.com/journal/13364
=856  40$31850-9999$uhttp://link.springer.com$xBLDSS
=859  \\$aXLD$bejournal
=852  41$aBritish Library$bDSC$j5356.778000$3Volume 53:Issue 4(2008)-Volume 63:Issue 2(2018)***See ESTAR for full holdings.
=945  \\$aMammal research
=959  \\$fHeld but not currently received
=979  \\$aBritish Library$bDSC$j5356.778000
=CAT  \\$a12654$b40$c20150602$lBLL01$h0857
=CAT  \\$aIPL-CLA$c20150630$lBLL01$h1725
=CAT  \\$aBATCH-UPD$b00$c20150820$lBLL01$h1840
=CAT  \\$a8323$b40$c20150825$lBLL01$h0826
=CAT  \\$a8323$b40$c20150826$lBLL01$h0940
=CAT  \\$a8323$b40$c20150827$lBLL01$h0835
=CAT  \\$aIPL-CLA$c20150930$lBLL01$h1855
=CAT  \\$aBATCH-UPD$b00$c20160217$lBLL01$h1730
=CAT  \\$aIPL-CLA$c20160331$lBLL01$h1819
=CAT  \\$aBATCH-UPD$b00$c20160524$lBLL01$h2216
=CAT  \\$aBATCH-UPD$b00$c20160525$lBLL01$h0059
=CAT  \\$aBATCH-UPD$b00$c20160824$lBLL01$h1757
=CAT  \\$aIPL-CLA$c20160930$lBLL01$h1644
=CAT  \\$aBATCH-UPD$b00$c20170216$lBLL01$h1845
=CAT  \\$aIPL-CLA$c20170331$lBLL01$h1923
=CAT  \\$aBATCH-UPD$b00$c20170904$lBLL01$h1854
=CAT  \\$aIPL-CLA$c20170929$lBLL01$h1808
=CAT  \\$aBATCH-UPD$b00$c20180223$lBLL01$h1727
=CAT  \\$aIPL-CLA$c20180331$lBLL01$h1712
=CAT  \\$aW1805-0475$c20180520$lBLL01$h1632
=CAT  \\$aBATCH-UPD$b00$c20180524$lBLL01$h1715
=CAT  \\$aIPL-CLA$c20180630$lBLL01$h1942
=CAT  \\$aW1908-0780$b00$c20200730$lBLL01$h1333
=CAT  \\$aCDS21$c20220118$lBLL01$h1106
=CAT  \\$aBATCH-UPD$b00$c20221121$lBLL01$h1406
=CAT  \\$aIPL-CLA$c20221231$lBLL01$h1453
=CAT  \\$a5410$b40$c20230416$lBLL01$h1224
=CFI  0\$aCurrent copyright fee: GBP29.95$c22\1$e01-jan-2023$fGBP29.95$g0$hP$5Uk
=CFI  2\$aPrevious copyright fee: GBP34.00$c22\1$e01-jul-2018$fGBP34.00$g0$hP$5Uk
=EST  \\$a1
=FFP  \\$aY$bBLDSS-3PM
=FIN  \\$aY$d20150825
=LET  \0$aMammal research (Electronic)
=LKR  \\$aPAR$b015788508$lBLL01$nActa theriologica$mMammal research$r78010
=MNI  \\$a2199-2401
=TOC  \\$aETOC
=UNO  \\$aY
=ACF  \\$aPrevious copyright fee: GBP25.77$c22\3$e02-jun2-2015$fGBP25.77$g0$hP$5Uk
=ACF  \\$aPrevious copyright fee: GBP26.63$c22\3$e01-jul-2015$fGBP26.63$g0$hP$5Uk
=ACF  \\$aPrevious copyright fee: GBP25.77$c22\3$e01-oct-2015$fGBP25.77$g0$hP$5Uk
=ACF  \\$aPrevious copyright fee: GBP27.55$c22\3$e01-apr-2016$fGBP27.55$g0$hP$5Uk
=ACF  \\$aPrevious copyright fee: GBP29.59$c22\3$e01-oct-2016$fGBP29.59$g0$hP$5Uk
=ACF  \\$aPrevious copyright fee: GBP31.96$c22\3$e01-apr-2017$fGBP31.96$g0$hP$5Uk
=ACF  \\$aPrevious copyright fee: GBP30.73$c22\3$e01-oct-2017$fGBP30.73$g0$hP$5Uk
=ACF  \\$aPrevious copyright fee: GBP28.54$c22\3$e01-apr-2018$fGBP28.54$g0$hP$5Uk
=LAS  \\$a5410$b40$c20230416$lBLL01$h1224

