=LDR  04006cas a2200949 i 4500
=001  017386467
=003  Uk
=005  20230416121714.0
=006  m\\\\\\\\d\\\\\\\\
=007  cr\|||||||||||
=008  150605c20159999xxuqr\p\o\\\\\0\\\a0eng\\
=FMT  \\$a  SE
=022  \\$a2199-2428
=040  \\$aUk$beng$cUk$erda
=042  \\$aissnuk$aukblsr
=082  04$a616.24005$223
=210  10$aCurr. pulmonol. rep.
=245  00$aCurrent pulmonology reports.
=264  \1$a[New York] :$bSpringer US,$c2015-
=310  \\$aQuarterly
=336  \\$atext$2rdacontent
=337  \\$acomputer$2rdamedia
=338  \\$aonline resource$2rdacarrier
=362  0\$aVolume 4, issue 1 (March 2015)-
=500  \\$aTitle from table of contents page (Springer Link, viewed August 27, 2015).
=580  \\$aIncludes issues of earlier title: Current respiratory care reports.
=588  \\$aLatest issue consulted: volume 4, issue 3 (September 2015) (viewed August 27, 2015).
=540  \\$aCurrent copyright fee: GBP34.95$c22\1$5Uk
=650  \0$aLungs$xDiseases$vPeriodicals.
=650  \0$aRespiratory organs$xDiseases$vPeriodicals.
=785  10$tCurrent respiratory care reports$x2161-332X
=856  40$uhttp://link.springer.com/journal/13665
=856  40$31850-9999$uhttp://link.springer.com$xBLDSS
=859  \\$aXLD$bejournal
=852  41$aBritish Library$bDSC$j3501.864000$3Volume 4:Issue 1(2015)-Volume 7:Issue 1(2018)***See ESTAR for full holdings.
=945  \\$aCurrent pulmonology reports
=959  \\$fHeld but not currently received
=979  \\$aBritish Library$bDSC$j3501.864000
=CAT  \\$a12654$b40$c20150605$lBLL01$h1433
=CAT  \\$aBLDSS-3PM$b00$c20150611$lBLL01$h1743
=CAT  \\$a8323$b40$c20150827$lBLL01$h0830
=CAT  \\$a8323$b40$c20150827$lBLL01$h0837
=CAT  \\$aBATCH-UPD$b40$c20160217$lBLL01$h1721
=CAT  \\$aIPL-CLA$c20160331$lBLL01$h1819
=CAT  \\$aBATCH-UPD$b00$c20160524$lBLL01$h2216
=CAT  \\$aBATCH-UPD$b00$c20160525$lBLL01$h0059
=CAT  \\$aBATCH-UPD$b00$c20160824$lBLL01$h1750
=CAT  \\$aIPL-CLA$c20160930$lBLL01$h1644
=CAT  \\$aBATCH-UPD$b00$c20170216$lBLL01$h1837
=CAT  \\$aIPL-CLA$c20170331$lBLL01$h1923
=CAT  \\$aBATCH-UPD$b00$c20170904$lBLL01$h1846
=CAT  \\$aIPL-CLA$c20170929$lBLL01$h1808
=CAT  \\$aBATCH-UPD$b00$c20180223$lBLL01$h1706
=CAT  \\$aIPL-CLA$c20180331$lBLL01$h1712
=CAT  \\$aW1805-0475$c20180520$lBLL01$h1632
=CAT  \\$aBATCH-UPD$b00$c20180524$lBLL01$h1709
=CAT  \\$aIPL-CLA$c20180630$lBLL01$h1942
=CAT  \\$aW1908-0780$b00$c20200730$lBLL01$h1333
=CAT  \\$a5552$b40$c20200819$lBLL01$h0811
=CAT  \\$a5552$b40$c20210811$lBLL01$h0830
=CAT  \\$aIPL-CLA$c20210930$lBLL01$h1529
=CAT  \\$aCDS21$c20220118$lBLL01$h1106
=CAT  \\$aBATCH-UPD$b00$c20221121$lBLL01$h1413
=CAT  \\$aIPL-CLA$c20221231$lBLL01$h1453
=CAT  \\$a5410$b40$c20230416$lBLL01$h1217
=CFI  0\$aCurrent copyright fee: GBP34.95$c22\1$e01-jan-2023$fGBP34.95$g0$hP$5Uk
=CFI  2\$aPrevious copyright fee: GBP43.00$c22\1$e01-oct-2021$fGBP43.00$g0$hP$5Uk
=EST  \\$a1
=FFP  \\$aY$bBLDSS-3PM
=FIN  \\$aY$d20150827
=LKR  \\$aPAR$b016386701$lBLL01$nCurrent respiratory care reports$mCurrent pulmonology reports$r78010
=MNI  \\$a2199-2428
=TOC  \\$aETOC
=UNO  \\$aY
=ACF  \\$aPrevious copyright fee: GBP25.77$c22\1$e05-jun-2015$fGBP25.77$g0$hP$5Uk
=ACF  \\$aPrevious copyright fee: GBP27.55$c22\1$e01-apr-2016$fGBP27.55$g0$hP$5Uk
=ACF  \\$aPrevious copyright fee: GBP29.59$c22\1$e01-oct-2016$fGBP29.59$g0$hP$5Uk
=ACF  \\$aPrevious copyright fee: GBP31.96$c22\1$e01-apr-2017$fGBP31.96$g0$hP$5Uk
=ACF  \\$aPrevious copyright fee: GBP30.73$c22\1$e01-oct-2017$fGBP30.73$g0$hP$5Uk
=ACF  \\$aPrevious copyright fee: GBP28.54$c22\1$e01-apr-2018$fGBP28.54$g0$hP$5Uk
=ACF  \\$aPrevious copyright fee: GBP34.00$c22\1$e01-jul-2018$fGBP34.00$g0$hP$5Uk
=LAS  \\$a5410$b40$c20230416$lBLL01$h1217

