=LDR  05824cas a2201273 a 4500
=001  013609611
=003  Uk
=005  20230512204907.0
=006  m\\\\\o\\d\\\\\\\\
=007  cr\un|||||||||
=008  060425c20049999cc\qr\pso\\\\\0\\\a0eng\d
=FMT  \\$a  SE
=022  \\$a1993-0321$l1672-6316
=035  \\$a(OCoLC)67617760
=040  \\$aOCLCS$beng$cOCLCS$dOCLCS$dOCL$dCIT$dOCLCQ$dVRC$dVPI$dOCLCQ$dOCLCF$dUk
=042  \\$aukblsr
=043  \\$aa-cc---
=050  \4$aGB545.C6$bJ68
=082  04$a551.432$223
=130  0\$aJournal of mountain science (Online)
=210  1\$aJ. mt. sci.$b(Online)
=222  \0$aJournal of mountain science$b(Online)
=245  10$aJournal of mountain science$h[electronic resource].
=246  3\$aJMS
=260  \\$a[Beijing, China] :$bScience Press ;$a[Heidelberg] :$bSpringer-Verlag [distributor]
=310  \\$aQuarterly
=336  \\$atext$2rdacontent
=337  \\$acomputer$2rdamedia
=338  \\$aonline resource$2rdacarrier
=362  1\$aBegan with: v. 1, no. 1 (Feb. 2004).
=588  \\$aDescription based on: V. 1:no. 1 (2004); title from PDF running title (SpringerLink, Feb. 9, 2010).
=588  \\$aLatest issue consulted: volume 11, issue 5 (September 2014)(SpringerLink, viewed October 14, 2014).
=540  \\$aCurrent copyright fee: GBP29.95$c22\1$5Uk
=650  \0$aMountains$zChina$vPeriodicals.
=650  \0$aMountains$vPeriodicals.
=650  \0$aMountain ecology$zChina$vPeriodicals.
=650  \0$aMountain ecology$vPeriodicals.
=650  \7$aMountain ecology.$2fast
=650  \7$aMountains.$2fast
=651  \7$aChina.$2fast
=655  \7$aPeriodicals.$2fast
=710  2\$aZhongguo ke xue yuan.$bInstitute of Mountain Disasters and Environment.$4spn
=776  08$iPrint version:$tJournal of mountain science$x1672-6316
=856  \\$31850-9999$uhttp://www.springer.com/gb/$xBLDSS
=856  40$uhttp://ckrd.cnki.net/grid20/Navi/item.aspx?NaviID=1&BaseID=SDKB&NaviLink=%e7%90%86%e5%b7%a5A(%e6%95%b0%e5%ad%a6%e7%89%a9%e7%90%86%e5%8a%9b%e5%ad%a6%e5%a4%a9%e5%9c%b0%e7%94%9f)
=856  40$uhttp://link.springer.com/journal/11629
=856  40$uhttp://www.springerlink.com/content/120395/
=856  42$uhttp://jms.imde.ac.cn/
=859  \\$aXLD$bejournal
=852  41$aBritish Library$bDSC$j5021.052505$3Volume 3:Issue 1(2006)-Volume 15:Issue 3(2018)***See ESTAR for full holdings.
=945  \\$aJournal of mountain science -English edition-
=959  \\$fHeld but not currently received
=979  \\$aBritish Library$bDSC$j5021.052505
=985  \\$aCONFERENCE ANALYTIC RECORDS EXIST
=CAT  \\$a7174$b40$c20061123$lBLL01$h0946
=CAT  \\$aBATCH-UPD$b40$c20150219$lBLL01$h1651
=CAT  \\$aIPL-CLA$c20150331$lBLL01$h1646
=CAT  \\$aBATCH-UPD$b00$c20150520$lBLL01$h1707
=CAT  \\$aIPL-CLA$c20150630$lBLL01$h1653
=CAT  \\$aBATCH-UPD$b00$c20150820$lBLL01$h1756
=CAT  \\$aIPL-CLA$c20150930$lBLL01$h1815
=CAT  \\$aBATCH-UPD$b00$c20160217$lBLL01$h1643
=CAT  \\$aIPL-CLA$c20160331$lBLL01$h1737
=CAT  \\$aBATCH-UPD$b00$c20160524$lBLL01$h2157
=CAT  \\$aBATCH-UPD$b00$c20160524$lBLL01$h2251
=CAT  \\$aBATCH-UPD$b00$c20160824$lBLL01$h1721
=CAT  \\$aIPL-CLA$c20160930$lBLL01$h1610
=CAT  \\$aBATCH-UPD$b00$c20170216$lBLL01$h1807
=CAT  \\$aIPL-CLA$c20170331$lBLL01$h1850
=CAT  \\$aBATCH-UPD$b00$c20170904$lBLL01$h1810
=CAT  \\$aIPL-CLA$c20170929$lBLL01$h1735
=CAT  \\$aBATCH-UPD$b00$c20180223$lBLL01$h1626
=CAT  \\$aIPL-CLA$c20180331$lBLL01$h1627
=CAT  \\$aW1805-0475$c20180520$lBLL01$h1632
=CAT  \\$aBATCH-UPD$b00$c20180524$lBLL01$h1658
=CAT  \\$aIPL-CLA$c20180630$lBLL01$h1920
=CAT  \\$aW1908-0780$b00$c20200730$lBLL01$h1330
=CAT  \\$aCDS21$c20220118$lBLL01$h1105
=CAT  \\$aBATCH-UPD$b00$c20221121$lBLL01$h1401
=CAT  \\$aIPL-CLA$c20221231$lBLL01$h1448
=CAT  \\$a5410$b40$c20230512$lBLL01$h2049
=CFI  0\$aCurrent copyright fee: GBP29.95$c22\1$e01-jan-2023$fGBP29.95$g0$hP$5Uk
=CFI  2\$aPrevious copyright fee: GBP34.00$c22\1$e01-jul-2018$fGBP34.00$g0$hP$5Uk
=EST  \\$a1
=FFP  \\$aY$bBLDSS-3PM
=FIN  \\$aY$d20141014
=MNI  \\$a1672-6316
=SID  \\$aZ39$bOCLC
=TCO  \\$aZZZ$c008
=TOC  \\$aETOC
=UNO  \\$aY
=ACF  \\$aPrevious copyright fee: GBP21.25$c13\4$e01-jan-2009$fGBP21.25$g0$hP$5Uk
=ACF  \\$aPrevious Copyright Fee: GBP16.75$c13\4$e01-jan-2007$fGBP16.75$g0$hP$5Uk
=ACF  \\$aPrevious Copyright Fee: GBP16.22$c13\4$e23-nov-2006$fGBP16.22$g0$hP$5Uk
=ACF  \\$aPrevious copyright fee: GBP22.00$c13\4$e01-apr-2009$fGBP22.00$g0$hP$5Uk
=ACF  \\$aPrevious copyright fee: GBP22.00$c13\4$e12-aug-2012$fGBP22.00$g0$hP$5Uk
=ACF  \\$aPrevious copyright fee: GBP25.00$c13\4$e01-jan-2013$fGBP25.00$g0$hP$5Uk
=ACF  \\$aPrevious copyright fee: GBP25.77$c13\4$e01-jul-2013$fGBP25.77$g0$hP$5Uk
=ACF  \\$aPrevious copyright fee: GBP24.97$c13\4$e01-jan-2014$fGBP24.97$g0$hP$5Uk
=ACF  \\$aPrevious copyright fee: GBP24.21$c13\4$e01-jul-2014$fGBP24.21$g0$hP$5Uk
=ACF  \\$aPrevious copyright fee: GBP25.77$c13\4$e01-apr-2015$fGBP25.77$g0$hP$5Uk
=ACF  \\$aPrevious copyright fee: GBP26.63$c13\4$e01-jul-2015$fGBP26.63$g0$hP$5Uk
=ACF  \\$aPrevious copyright fee: GBP25.77$c13\4$e01-oct-2015$fGBP25.77$g0$hP$5Uk
=ACF  \\$aPrevious copyright fee: GBP27.55$c13\4$e01-apr-2016$fGBP27.55$g0$hP$5Uk
=ACF  \\$aPrevious copyright fee: GBP29.59$c13\4$e01-oct-2016$fGBP29.59$g0$hP$5Uk
=ACF  \\$aPrevious copyright fee: GBP31.96$c13\4$e01-apr-2017$fGBP31.96$g0$hP$5Uk
=ACF  \\$aPrevious copyright fee: GBP30.73$c13\4$e01-oct-2017$fGBP30.73$g0$hP$5Uk
=ACF  \\$aPrevious copyright fee: GBP28.54$c13\4$e01-apr-2018$fGBP28.54$g0$hP$5Uk
=LAS  \\$a5410$b40$c20230512$lBLL01$h2049

