=LDR  05649cas a2201189 i 4500
=001  013647731
=003  Uk
=005  20221231144807.0
=006  m\\\\\\\\d\\\\\\\\
=007  cr\|||||||||||
=008  060818d199u2011cc\br\p\o\\\\\0\\\a0eng\c
=FMT  \\$a  SE
=010  \\$a  2014268600
=022  0\$a1993-0666$l1005-9784
=035  \\$a(OCoLC)298759041
=040  \\$aAU@$beng$cAU@$dViBlbV$dOCoLC$dOCLCF$dWaSeSS$dUk$erda
=042  \\$aukblsr
=050  \4$aTN600$b.J68
=082  04$a622$223
=210  1\$aJ. Cent. South Univ. Technol.$b(Online)
=222  \0$aJournal of Central South University of Technology$b(Online)
=245  00$aJournal of Central South University of Technology :$bScience & technology of mining and metallurgy.
=246  13$aScience & technology of mining and metallurgy
=250  \\$aEnglish ed.
=264  \1$aChangsha, Hunan :$bEditorial Office of Journal of Central South University,$c1994-2011.
=264  31$a[Changsha, Hunan] :$bCentral South University Press ;$aBerlin :$bSpringer-Verlag
=310  \\$aBimonthly,$b2005-2011
=321  \\$aTwo issues yearly,$b<1996>-1999
=321  \\$aQuarterly,$b2000-2004
=336  \\$atext$2rdacontent
=337  \\$acomputer$2rdamedia
=338  \\$aonline resource$2rdacarrier
=362  1\$aBegan with Volume 1, issue (November 1994); ceased with Volume 18, issue 6 (December 2011).
=525  \\$aHas occasional supplements.
=588  \\$aDescription based on: Volume 1, issue 1 (November 1994); title from (SpringerLink, viewed April 23, 2014).
=588  \\$aLatest issue consulted: volume 18, issue 6 (December 2011) (viewed September 30, 2014).
=540  \\$aCurrent copyright fee: GBP29.95$c22\1$5Uk
=650  \0$aMining engineering$vPeriodicals.
=650  \0$aMetallurgy$vPeriodicals.
=710  2\$aZhong nan gong ye da xue.
=776  08$iPrint version:$tJournal of Central South University of Technology$x1005-9784
=785  00$tJournal of Central South University$x2227-5223
=856  \\$31850-9999$uhttp://www.springer.com/gb/$xBLDSS
=856  40$uhttp://link.springer.com/journal/volumesAndIssues/11771
=859  \\$aXLD$bejournal
=852  41$aBritish Library$bDSC$j4724.360000$3Volume 7:Issue 1(2000)-Volume 20:Issue 6(2013)***See ESTAR for full holdings.
=945  \\$aJournal- Central South University of Technology -English edition-.
=959  \\$fHeld but not currently received
=CAT  \\$a7174$b40$c20070119$lBLL01$h0907
=CAT  \\$aBATCH-UPD$b00$c20150219$lBLL01$h1652
=CAT  \\$aIPL-CLA$c20150331$lBLL01$h1647
=CAT  \\$aBATCH-UPD$b00$c20150520$lBLL01$h1708
=CAT  \\$aIPL-CLA$c20150630$lBLL01$h1653
=CAT  \\$aBATCH-UPD$b00$c20150820$lBLL01$h1757
=CAT  \\$aBATCH-UPD$b00$c20150820$lBLL01$h1838
=CAT  \\$aIPL-CLA$c20150930$lBLL01$h1815
=CAT  \\$aBATCH-UPD$b00$c20160217$lBLL01$h1644
=CAT  \\$aIPL-CLA$c20160331$lBLL01$h1738
=CAT  \\$aBATCH-UPD$b00$c20160524$lBLL01$h2157
=CAT  \\$aBATCH-UPD$b00$c20160524$lBLL01$h2251
=CAT  \\$aBATCH-UPD$b00$c20160824$lBLL01$h1722
=CAT  \\$aIPL-CLA$c20160930$lBLL01$h1611
=CAT  \\$aBATCH-UPD$b00$c20170216$lBLL01$h1809
=CAT  \\$aIPL-CLA$c20170331$lBLL01$h1851
=CAT  \\$aBATCH-UPD$b00$c20170904$lBLL01$h1811
=CAT  \\$aIPL-CLA$c20170929$lBLL01$h1736
=CAT  \\$aBATCH-UPD$b00$c20180223$lBLL01$h1627
=CAT  \\$aIPL-CLA$c20180331$lBLL01$h1627
=CAT  \\$aBATCH-UPD$b00$c20180524$lBLL01$h1659
=CAT  \\$aIPL-CLA$c20180630$lBLL01$h1921
=CAT  \\$aW1908-0780$b00$c20200730$lBLL01$h1330
=CAT  \\$aCDS21$c20220118$lBLL01$h1105
=CAT  \\$aBATCH-UPD$b00$c20221121$lBLL01$h1401
=CAT  \\$aIPL-CLA$c20221231$lBLL01$h1448
=CFI  0\$aCurrent copyright fee: GBP29.95$c22\1$e01-jan-2023$fGBP29.95$g0$hP$5Uk
=CFI  2\$aPrevious copyright fee: GBP34.00$c22\1$e01-jul-2018$fGBP34.00$g0$hP$5Uk
=EST  \\$a1
=FFP  \\$aY$bBLDSS-3PM
=FIN  \\$aY$d20140930
=LKR  \\$aPAR$b010484626$lBLL01$r776$mJournal of Central South University$nJournal of Central South University of Technology
=MNI  \\$a1005-9784
=SRC  \\$aBLL02
=TCO  \\$aZZZ$c008
=TOC  \\$aETOC
=UNO  \\$aY
=ACF  \\$aPrevious copyright fee: GBP21.25$c13\5$e01-jan-2009$fGBP21.25$g0$hP$5Uk
=ACF  \\$aPrevious Copyright Fee: GBP16.75$c13\5$e19-jan-2006$fGBP16.75$g0$hP$5Uk
=ACF  \\$aPrevious copyright fee: GBP22.00$c13\5$e01-apr-2009$fGBP22.00$g0$hP$5Uk
=ACF  \\$aPrevious copyright fee: GBP22.00$c13\5$e12-aug-2012$fGBP22.00$g0$hP$5Uk
=ACF  \\$aPrevious copyright fee: GBP25.00$c13\5$e01-jan-2013$fGBP25.00$g0$hP$5Uk
=ACF  \\$aPrevious copyright fee: GBP25.77$c13\5$e01-jul-2013$fGBP25.77$g0$hP$5Uk
=ACF  \\$aPrevious copyright fee: GBP24.97$c13\5$e01-jan-2014$fGBP24.97$g0$hP$5Uk
=ACF  \\$aPrevious copyright fee: GBP24.21$c13\5$e01-jul-2014$fGBP24.21$g0$hP$5Uk
=ACF  \\$aPrevious copyright fee: GBP25.77$c13\5$e01-apr-2015$fGBP25.77$g0$hP$5Uk
=ACF  \\$aPrevious copyright fee: GBP26.63$c13\5$e01-jul-2015$fGBP26.63$g0$hP$5Uk
=ACF  \\$aPrevious copyright fee: GBP25.77$c13\5$e01-oct-2015$fGBP25.77$g0$hP$5Uk
=ACF  \\$aPrevious copyright fee: GBP27.55$c13\5$e01-apr-2016$fGBP27.55$g0$hP$5Uk
=ACF  \\$aPrevious copyright fee: GBP29.59$c13\5$e01-oct-2016$fGBP29.59$g0$hP$5Uk
=ACF  \\$aPrevious copyright fee: GBP31.96$c13\5$e01-apr-2017$fGBP31.96$g0$hP$5Uk
=ACF  \\$aPrevious copyright fee: GBP30.73$c13\5$e01-oct-2017$fGBP30.73$g0$hP$5Uk
=ACF  \\$aPrevious copyright fee: GBP28.54$c13\5$e01-apr-2018$fGBP28.54$g0$hP$5Uk
=LAS  \\$aIPL-CLA$b00$c20221231$lBLL01$h1448

