=LDR  07384cas a2201513 a 4500
=001  013685222
=003  Uk
=005  20230314150627.0
=006  m\\\\\o\\d\\\\\\\\
=007  cr\mnu||||||||
=008  030109c19919999njubr\pso\\\\\0\\\a0eng\c
=FMT  \\$a  SE
=010  \\$a2005233023
=022  0\$a1475-2689
=035  \\$a(OCoLC)51330070$z(OCoLC)55045070$z(OCoLC)60637474$z(OCoLC)224115389
=040  \\$aOUN$beng$cOUN$dOCLCQ$dEYM$dOCLCQ$dGUA$dFQM$dOCLCQ$dMUQ$dOCLCQ$dEYM$dSERSO$dDLC$dOCLCQ$dUk
=042  \\$aukblsr
=050  14$aQK725
=082  04$a571.82$223
=130  0\$aIn vitro cellular & developmental biology.$pPlant (Online)
=210  0\$aIn vitro cell. dev. biol., Plant$b(Online)
=222  \0$aIn vitro cellular and developmental biology. Plant$b(Online)
=245  10$aIn vitro cellular & developmental biology.$pPlant$h[electronic resource].
=246  3\$aIn vitro cellular and developmental biology.$pPlant
=246  1\$iSome providers have contents screen title:$aIn vitro cellular and development biology.$pPlant
=246  30$aPlant
=246  13$aIn vitro plant
=246  13$aIn vitro cell. dev. biol.$pPlant
=260  \\$31991-Apr. 1994$aColumbia, MD :$bTissue Culture Association
=260  2\$3July 1994-1999$aLargo, MD :$bSociety for InVitro Biology
=260  2\$32000-2006$aWallingford, Oxfordshire :$bCABI Pub
=260  2\$32007-$aSecaucus, NJ :$bSpringer Science + Business Media
=264  31$a[New York] :$bSpringer US
=310  \\$aBimonthly,$b1999-
=321  \\$aQuarterly,$b1991-1998
=336  \\$atext$2rdacontent
=337  \\$acomputer$2rdamedia
=338  \\$aonline resource$2rdacarrier
=362  0\$aVol. 27P, no. 1 (Jan. 1991)-
=500  \\$aTitle from cover (JSTOR, viewed July 10, 2008).
=538  \\$aMode of access: World Wide Web.
=550  \\$aIssued by: Tissue Culture Association, 1991-Apr. 1994; Society for In Vitro Biology, July 1994-.
=550  \\$aTwo issues a year issued by the International Association for Plant Tissue Culture & Biotechnology (IAPTC & B), Mar./Apr. 1999-
=588  \\$aLatest issue consulted: volume 44, issu 4(August 2013) (SpringerLink, viewed Ocotober22, 2013).
=580  \\$aIncludes issues of earlier titles: In vitro, and: In vitro celluar & development biology.
=540  \\$aCurrent copyright fee: GBP29.95$c22\1$5Uk
=650  \0$aPlant tissue culture$vPeriodicals.
=650  \0$aPlant cell culture$vPeriodicals.
=650  \0$aPlant cells and tissues$vPeriodicals.
=650  \0$aPlant micropropagation$vPeriodicals.
=650  \0$aPlants$xDevelopment$vPeriodicals.
=650  \0$aPlant cell development$vPeriodicals.
=710  2\$aTissue Culture Association.
=710  2\$aSociety for In Vitro Biology.
=710  2\$aInternational Association for Plant Tissue Culture & Biotechnology.
=776  08$iAlso issued in print as:$tIn vitro cellular & developmental biology. Plant$x1054-5476
=780  11$tIn vitro cellular & developmental biology (Online)
=856  \\$31850-9999$uhttp://www.springer.com/gb/$xBLDSS
=856  40$uhttp://link.springer.com/journal/11627
=856  40$uhttp://www.bioone.org/bioone/?request=get-journals-list&issn=1054-5476
=856  40$uhttp://www.ingentaconnect.com/content/cabi/ivp
=856  40$uhttp://www.jstor.org/journals/10545476.html
=856  40$uhttp://www.sivb.org/pubs_p_index.asp
=859  \\$aXLD$bejournal
=852  41$aBritish Library$bDSC$j4372.500800$3Volume 34:Issue 3(1998)-Volume 54:Issue 2(2018)***See ESTAR for full holdings.
=945  \\$aIn vitro cellular and developmental biology plant
=959  \\$fHeld but not currently received
=979  \\$aBritish Library$bDSC$j4372.500800
=985  \\$aISSN description based on: Vol. 33, no. 1 (Jan. 1991); title from table of contents (SpringerLink viewed Aug. 15, 2012).
=985  \\$aISSN responsibility transferred to ISSN Germany 15/8/2012.
=985  \\$aCONFERENCE ANALYTIC &RECORDS EXIST
=CAT  \\$a7174$b40$c20070228$lBLL01$h1440
=CAT  \\$a10997$b40$c20150225$lBLL01$h1432
=CAT  \\$aIPL-CLA$c20150331$lBLL01$h1648
=CAT  \\$aBATCH-UPD$b00$c20150520$lBLL01$h1750
=CAT  \\$aIPL-CLA$c20150630$lBLL01$h1654
=CAT  \\$aBATCH-UPD$b00$c20150820$lBLL01$h1838
=CAT  \\$aIPL-CLA$c20150930$lBLL01$h1816
=CAT  \\$aBATCH-UPD$b00$c20160217$lBLL01$h1728
=CAT  \\$aIPL-CLA$c20160331$lBLL01$h1739
=CAT  \\$aBATCH-UPD$b00$c20160524$lBLL01$h2211
=CAT  \\$aBATCH-UPD$b00$c20160525$lBLL01$h0026
=CAT  \\$aBATCH-UPD$b00$c20160824$lBLL01$h1755
=CAT  \\$aIPL-CLA$c20160930$lBLL01$h1611
=CAT  \\$aBATCH-UPD$b00$c20170216$lBLL01$h1843
=CAT  \\$aIPL-CLA$c20170331$lBLL01$h1851
=CAT  \\$aBATCH-UPD$b00$c20170904$lBLL01$h1852
=CAT  \\$aIPL-CLA$c20170929$lBLL01$h1736
=CAT  \\$aBATCH-UPD$b00$c20180223$lBLL01$h1722
=CAT  \\$aIPL-CLA$c20180331$lBLL01$h1628
=CAT  \\$aW1805-0475$c20180520$lBLL01$h1632
=CAT  \\$aBATCH-UPD$b00$c20180524$lBLL01$h1714
=CAT  \\$aIPL-CLA$c20180630$lBLL01$h1921
=CAT  \\$aW1908-0780$b00$c20200730$lBLL01$h1330
=CAT  \\$aCDS21$c20220118$lBLL01$h1105
=CAT  \\$aBATCH-UPD$b00$c20221121$lBLL01$h1401
=CAT  \\$aIPL-CLA$c20221231$lBLL01$h1448
=CAT  \\$a5410$b40$c20230314$lBLL01$h1506
=CFI  0\$aCurrent copyright fee: GBP29.95$c22\1$e01-jan-2023$fGBP29.95$g0$hP$5Uk
=CFI  2\$aPrevious copyright fee: GBP34.00$c22\1$e01-jul-2018$fGBP34.00$g0$hP$5Uk
=EST  \\$a1
=FFP  \\$aY$bBLDSS-3PM
=FIN  \\$aY$d20131022
=LEO  \\$aMP22.0000067731
=LKR  \\$aPAR$b009847227$lBLL01$nIn vitro cellular & developmental biology. Plant (Print)$mIn vitro cellular & developmental biology. Plant (Online)$r776
=MNI  \\$a1054-5476
=SID  \\$aZ39$bOCLC
=SRC  \\$aISN01$bbibmp22.200404.2.aa
=TCO  \\$aDEU$bVG WORT$c008
=TCO  \\$aCLA$bCLA$c008
=TOC  \\$aETOC
=UNO  \\$aY
=ACF  \\$aPrevious copyright fee: GBP21.25$c22\3$e01-jan-2009$fGBP21.25$g0$hP$5Uk
=ACF  \\$aPrevious Copyright Fee: GBP16.75$c22\3$e28-feb-2007$fGBP16.75$g0$hP$5Uk
=ACF  \\$aPrevious copyright fee: GBP22.00$c22\3$e01-apr-2009$fGBP22.00$g0$hP$5Uk
=ACF  \\$aPrevious copyright fee: GBP22.00$c22\3$e12-aug-2012$fGBP22.00$g0$hP$5Uk
=ACF  \\$aPrevious copyright fee: GBP25.00$c22\3$e01-jan-2013$fGBP25.00$g0$hP$5Uk
=ACF  \\$aPrevious copyright fee: GBP25.77$c22\3$e01-jul-2013$fGBP25.77$g0$hP$5Uk
=ACF  \\$aPrevious copyright fee: GBP24.97$c22\3$e01-jan-2014$fGBP24.97$g0$hP$5Uk
=ACF  \\$aPrevious copyright fee: GBP24.21$c22\3$e01-jul-2014$fGBP24.21$g0$hP$5Uk
=ACF  \\$aPrevious copyright fee: GBP25.77$c22\3$e01-apr-2015$fGBP25.77$g0$hP$5Uk
=ACF  \\$aPrevious copyright fee: GBP26.63$c22\3$e01-jul-2015$fGBP26.63$g0$hP$5Uk
=ACF  \\$aPrevious copyright fee: GBP25.77$c22\3$e01-oct-2015$fGBP25.77$g0$hP$5Uk
=ACF  \\$aPrevious copyright fee: GBP27.55$c22\3$e01-apr-2016$fGBP27.55$g0$hP$5Uk
=ACF  \\$aPrevious copyright fee: GBP29.59$c22\3$e01-oct-2016$fGBP29.59$g0$hP$5Uk
=ACF  \\$aPrevious copyright fee: GBP31.96$c22\3$e01-apr-2017$fGBP31.96$g0$hP$5Uk
=ACF  \\$aPrevious copyright fee: GBP30.73$c22\3$e01-oct-2017$fGBP30.73$g0$hP$5Uk
=ACF  \\$aPrevious copyright fee: GBP28.54$c22\3$e01-apr-2018$fGBP28.54$g0$hP$5Uk
=LAS  \\$a5410$b40$c20230314$lBLL01$h1506

