=LDR  05814cas a2201249 a 4500
=001  013705596
=003  Uk
=005  20221231144819.0
=006  m\\\\\o\\d\\\\\\\\
=007  cr\|||||||||||
=008  080930c20079999vb\qr\pso\\\\\0\\\a0eng\c
=FMT  \\$a  SE
=010  \\$a  2009238028
=022  \\$a1990-7494$202
=035  \\$a(OCoLC)259523056
=040  \\$aOH1$beng$cOH1$dIUL$dOCLCS$dOCLCQ$dOCLCF$dOCLCO$dUk
=041  1\$aeng$hrus
=042  \\$aukblsr$aissnuk
=050  14$aQH601$b.B56
=082  04$a571.6405$223
=222  \0$aBiochemistry (Moscow). Supplement. Series A, Membrane and cell biology$b(Online)
=245  00$aBiochemistry (Moscow).$pSupplement.$nSeries A,$pMembrane and cell biology$h[electronic resource].
=246  13$aMembrane and cell biology
=260  \\$a[Dordrecht] :$bSP MAIK Nauka/Interperiodica
=264  21$aMoscow :$bPleiades Publishing
=264  21$aWien :$bSpringer
=264  31$a[Tortola, British Virgin Islands] :$bPleiades Publishing
=310  \\$aQuarterly
=336  \\$atext$2rdacontent
=337  \\$acomputer$2rdamedia
=338  \\$aonline resource$2rdacarrier
=362  1\$aBegan with Volume 1, number 1 (March 2007).
=500  \\$aTitle from journal information screen (SpringerLink, viewed Jan. 14, 2009).
=580  \\$aContains materials originally published in: Biologicheskie membrany.
=588  \\$aLatest issue consulted: volume 16, issue 3 (September 2022) (SpringerLink, viewed November 4, 2022).
=540  \\$aCurrent copyright fee: GBP29.95$c22\1$5Uk
=650  \0$aMembranes (Biology)$vPeriodicals.
=650  \0$aCytology$vPeriodicals.
=650  \7$aCytology.$2fast$0(OCoLC)fst00886282
=650  \7$aMembranes (Biology)$2fast$0(OCoLC)fst01015860
=655  \7$aPeriodicals.$2fast$0(OCoLC)fst01411641
=765  1\$tBiologicheskie membrany
=772  0\$tBiokhimii︠a︡ (Moscow, Russia). English. Biochemistry$x1608-3040
=776  08$iPrint version:$tBiochemistry (Moscow) Supplement series A, Membrane and cell biology$x1990-7478
=856  \\$31850-9999$uhttp://www.springer.com/gb/$xBLDSS
=856  40$uhttps://www.springer.com/journal/11827
=856  4\$uhttp://www.maik.ru/cgi-perl/journal.pl?lang=eng&name=biochmsa&page=main
=859  \\$aXLD$bejournal
=852  41$aBritish Library$bDSC$j0406.000010$3Volume 1:Issue 1(2007)-Volume 12:Issue 1(2018)***See ESTAR for full holdings.
=945  \\$aBiochemistry supplement series A membrane and cell biology c/c of Biologicheskie Membrany
=959  \\$fHeld but not currently received
=979  \\$aBritish Library$bDSC$j0406.000010
=985  \\$aCorrected by MS generated file for WR# 12.018
=985  \\$aISSN responsibility transferred from ISSN Russia (04/11/22)
=CAT  \\$a7174$b40$c20070328$lBLL01$h1159
=CAT  \\$aIPL-CLA$c20150930$lBLL01$h1816
=CAT  \\$a11316$b40$c20151026$lBLL01$h0959
=CAT  \\$a11316$b40$c20151026$lBLL01$h1230
=CAT  \\$a11316$b40$c20151026$lBLL01$h1423
=CAT  \\$aBATCH-UPD$b40$c20160217$lBLL01$h1856
=CAT  \\$aIPL-CLA$c20160331$lBLL01$h1739
=CAT  \\$aBATCH-UPD$b00$c20160524$lBLL01$h2157
=CAT  \\$aBATCH-UPD$b00$c20160524$lBLL01$h2252
=CAT  \\$aBATCH-UPD$b00$c20160824$lBLL01$h1914
=CAT  \\$aIPL-CLA$c20160930$lBLL01$h1612
=CAT  \\$aBATCH-UPD$b00$c20170216$lBLL01$h1959
=CAT  \\$aIPL-CLA$c20170331$lBLL01$h1851
=CAT  \\$aBATCH-UPD$b00$c20170904$lBLL01$h2030
=CAT  \\$aIPL-CLA$c20170929$lBLL01$h1737
=CAT  \\$aBATCH-UPD$b00$c20180223$lBLL01$h1929
=CAT  \\$aIPL-CLA$c20180331$lBLL01$h1628
=CAT  \\$aW1805-0475$c20180520$lBLL01$h1632
=CAT  \\$aBATCH-UPD$b00$c20180524$lBLL01$h1809
=CAT  \\$aIPL-CLA$c20180630$lBLL01$h1921
=CAT  \\$aW1908-0780$b00$c20200730$lBLL01$h1330
=CAT  \\$aCDS21$c20220118$lBLL01$h1105
=CAT  \\$a10806$b40$c20221104$lBLL01$h1253
=CAT  \\$a5410$b40$c20221119$lBLL01$h1611
=CAT  \\$aBATCH-UPD$b40$c20221121$lBLL01$h1401
=CAT  \\$aIPL-CLA$c20221231$lBLL01$h1448
=CFI  0\$aCurrent copyright fee: GBP29.95$c22\1$e01-jan-2023$fGBP29.95$g0$hP$5Uk
=CFI  2\$aPrevious copyright fee: GBP34.00$c22\1$e01-jul-2018$fGBP34.00$g0$hP$5Uk
=EST  \\$a1
=FFP  \\$aY$bBLDSS-3PM
=FIN  \\$aY$d20151026
=MNI  \\$a1990-7478
=SID  \\$aZ39$bOCLC
=TCO  \\$aXXX$c008
=TOC  \\$aETOC
=UNO  \\$aY
=ACF  \\$aPrevious copyright fee: GBP21.25$c4\3$e01-jan-2009$fGBP21.25$g0$hP$5Uk
=ACF  \\$aPrevious Copyright Fee: GBP16.75$c4\3$e28-mar-2007$fGBP16.75$g0$hP$5Uk
=ACF  \\$aPrevious copyright fee: GBP22.00$c4\3$e01-apr-2009$fGBP22.00$g0$hP$5Uk
=ACF  \\$aPrevious copyright fee: GBP22.00$c4\3$e12-aug-2012$fGBP22.00$g0$hP$5Uk
=ACF  \\$aPrevious copyright fee: GBP25.00$c4\3$e01-jan-2013$fGBP25.00$g0$hP$5Uk
=ACF  \\$aPrevious copyright fee: GBP25.77$c4\3$e01-jul-2013$fGBP25.77$g0$hP$5Uk
=ACF  \\$aPrevious copyright fee: GBP24.97$c4\3$e01-jan-2014$fGBP24.97$g0$hP$5Uk
=ACF  \\$aPrevious copyright fee: GBP24.21$c4\3$e01-jul-2014$fGBP24.21$g0$hP$5Uk
=ACF  \\$aPrevious copyright fee: GBP25.77$c4\3$e01-apr-2015$fGBP25.77$g0$hP$5Uk
=ACF  \\$aPrevious copyright fee: GBP26.63$c4\3$e01-jul-2015$fGBP26.63$g0$hP$5Uk
=ACF  \\$aPrevious copyright fee: GBP25.77$c4\3$e01-oct-2015$fGBP25.77$g0$hP$5Uk
=ACF  \\$aPrevious copyright fee: GBP27.55$c4\3$e01-apr-2016$fGBP27.55$g0$hP$5Uk
=ACF  \\$aPrevious copyright fee: GBP29.59$c4\3$e01-oct-2016$fGBP29.59$g0$hP$5Uk
=ACF  \\$aPrevious copyright fee: GBP31.96$c4\3$e01-apr-2017$fGBP31.96$g0$hP$5Uk
=ACF  \\$aPrevious copyright fee: GBP30.73$c4\3$e01-oct-2017$fGBP30.73$g0$hP$5Uk
=ACF  \\$aPrevious copyright fee: GBP28.54$c4\3$e01-apr-2018$fGBP28.54$g0$hP$5Uk
=LAS  \\$aIPL-CLA$b00$c20221231$lBLL01$h1448

