=LDR  05419cas a2201201 a 4500
=001  013710864
=003  Uk
=005  20230307140357.0
=006  m\\\\\o\\d\\\\\\\\
=007  cr\cnu||||||||
=008  021206c19969999ii\mr\p\o\\\\\0\\\a0eng\c
=FMT  \\$a  SE
=010  \\$a  2003252210
=022  \\$a0973-712X$l0973-712X
=035  \\$a(OCoLC)51173366$z(OCoLC)56627530$z(OCoLC)137287491
=040  \\$aOUN$beng$cOUN$dWAU$dOCLCQ$dEYM$dOCLCQ$dCUS$dSNM$dSTF$dMUQ$dTXA$dJNA$dCUV$dOCLCQ$dUk
=042  \\$aukblsr
=050  14$aQ181.A1$bR47
=082  04$a507$223
=130  0\$aResonance (Bangalore, India : Online)
=222  \0$aResonance$b(Online)
=245  10$aResonance$h[electronic resource] :$bJournal of science education.
=260  \\$aBangalore :$bIndian Academy of Sciences,$c[1996]-
=264  31$32007-$aIndia :$bSpringer India
=310  \\$aMonthly
=336  \\$atext$2rdacontent
=337  \\$acomputer$2rdamedia
=338  \\$aonline resource$2rdacarrier
=362  1\$aBegan with: Vol. 1, no. 1 (Jan. 1996).
=588  \\$aDescription based on: Vol. 1, no. 1 (Jan. 1996); title from PDF article running title (IAS site, viewed Sept. 23, 2010).
=588  \\$aLatest issue consulted: volume 19, issue 9 (September 2014) (SpringerLink, viewed November 5, 2014).
=540  \\$aCurrent copyright fee: GBP29.95$c22\1$5Uk
=650  \0$aScience$xStudy and teaching$vPeriodicals.
=650  \0$aScience$vPeriodicals.
=650  \6$aSciences$vPériodiques.
=655  \0$aElectronic journals.
=710  2\$aIndian Academy of Sciences.
=776  08$iPrint version:$tResonance$x0971-8044
=856  \\$31850-9999$uhttp://www.springer.com/gb/$xBLDSS
=856  40$uhttp://bibpurl.oclc.org/web/9984
=856  40$uhttp://link.springer.com/journal/12045
=856  40$uhttp://www.ias.ac.in/resonance/
=856  40$uhttp://www.springerlink.com/content/0971-8044/
=859  \\$aXLD$bejournal
=852  41$aBritish Library$bDSC$j7777.579000$3Volume 2:Issue 5(1997)-Volume 22:Issue 12(2017)***See ESTAR for full holdings.
=945  \\$aResonance -Bangalore-
=959  \\$fHeld but not currently received
=979  \\$aBritish Library$bDSC$j777.579000
=CAT  \\$a7174$b40$c20070405$lBLL01$h1341
=CAT  \\$aBATCH-UPD$b00$c20150219$lBLL01$h1743
=CAT  \\$aIPL-CLA$c20150331$lBLL01$h1648
=CAT  \\$aBATCH-UPD$b00$c20150520$lBLL01$h1750
=CAT  \\$aIPL-CLA$c20150630$lBLL01$h1654
=CAT  \\$aBATCH-UPD$b00$c20150820$lBLL01$h1838
=CAT  \\$aIPL-CLA$c20150930$lBLL01$h1817
=CAT  \\$aBATCH-UPD$b00$c20160217$lBLL01$h1728
=CAT  \\$aIPL-CLA$c20160331$lBLL01$h1739
=CAT  \\$aBATCH-UPD$b00$c20160524$lBLL01$h2211
=CAT  \\$aBATCH-UPD$b00$c20160525$lBLL01$h0026
=CAT  \\$aBATCH-UPD$b00$c20160824$lBLL01$h1755
=CAT  \\$aIPL-CLA$c20160930$lBLL01$h1612
=CAT  \\$aBATCH-UPD$b00$c20170216$lBLL01$h1843
=CAT  \\$aIPL-CLA$c20170331$lBLL01$h1852
=CAT  \\$aBATCH-UPD$b00$c20170904$lBLL01$h1852
=CAT  \\$aIPL-CLA$c20170929$lBLL01$h1737
=CAT  \\$aBATCH-UPD$b00$c20180223$lBLL01$h1722
=CAT  \\$aIPL-CLA$c20180331$lBLL01$h1628
=CAT  \\$aW1805-0475$c20180520$lBLL01$h1632
=CAT  \\$aBATCH-UPD$b00$c20180524$lBLL01$h1714
=CAT  \\$aIPL-CLA$c20180630$lBLL01$h1921
=CAT  \\$aW1908-0780$b00$c20200730$lBLL01$h1330
=CAT  \\$aCDS21$c20220118$lBLL01$h1105
=CAT  \\$aBATCH-UPD$b00$c20221121$lBLL01$h1401
=CAT  \\$aIPL-CLA$c20221231$lBLL01$h1448
=CAT  \\$a5410$b40$c20230307$lBLL01$h1403
=CFI  0\$aCurrent copyright fee: GBP29.95$c22\1$e01-jan-2023$fGBP29.95$g0$hP$5Uk
=CFI  2\$aPrevious copyright fee: GBP34.00$c22\1$e01-jul-2018$fGBP34.00$g0$hP$5Uk
=EST  \\$a1
=FFP  \\$aY$bBLDSS-3PM
=FIN  \\$aY$d20141105
=LKR  \\$aPAR$b009220271$lBLL01$r776$mResonance (Online)$nResonance (Print)
=MNI  \\$a0971-8044
=SID  \\$aZ39$bOCLC
=TCO  \\$aXXX$c008
=TOC  \\$aETOC
=UNO  \\$aY
=ACF  \\$aPrevious copyright fee: GBP21.25$c22\3$e01-jan-2009$fGBP21.25$g0$hP$5Uk
=ACF  \\$aPrevious Copyright Fee: GBP16.75$c22\3$e05-apr-2007$fGBP16.75$g0$hP$5Uk
=ACF  \\$aPrevious copyright fee: GBP22.00$c22\3$e01-apr-2009$fGBP22.00$g0$hP$5Uk
=ACF  \\$aPrevious copyright fee: GBP22.00$c22\3$e12-aug-2012$fGBP22.00$g0$hP$5Uk
=ACF  \\$aPrevious copyright fee: GBP25.00$c22\3$e01-jan-2013$fGBP25.00$g0$hP$5Uk
=ACF  \\$aPrevious copyright fee: GBP25.77$c22\3$e01-jul-2013$fGBP25.77$g0$hP$5Uk
=ACF  \\$aPrevious copyright fee: GBP24.97$c22\3$e01-jan-2014$fGBP24.97$g0$hP$5Uk
=ACF  \\$aPrevious copyright fee: GBP24.21$c22\3$e01-jul-2014$fGBP24.21$g0$hP$5Uk
=ACF  \\$aPrevious copyright fee: GBP25.77$c22\3$e01-apr-2015$fGBP25.77$g0$hP$5Uk
=ACF  \\$aPrevious copyright fee: GBP26.63$c22\3$e01-jul-2015$fGBP26.63$g0$hP$5Uk
=ACF  \\$aPrevious copyright fee: GBP25.77$c22\3$e01-oct-2015$fGBP25.77$g0$hP$5Uk
=ACF  \\$aPrevious copyright fee: GBP27.55$c22\3$e01-apr-2016$fGBP27.55$g0$hP$5Uk
=ACF  \\$aPrevious copyright fee: GBP29.59$c22\3$e01-oct-2016$fGBP29.59$g0$hP$5Uk
=ACF  \\$aPrevious copyright fee: GBP31.96$c22\3$e01-apr-2017$fGBP31.96$g0$hP$5Uk
=ACF  \\$aPrevious copyright fee: GBP30.73$c22\3$e01-oct-2017$fGBP30.73$g0$hP$5Uk
=ACF  \\$aPrevious copyright fee: GBP28.54$c22\3$e01-apr-2018$fGBP28.54$g0$hP$5Uk
=LAS  \\$a5410$b40$c20230307$lBLL01$h1403

