=LDR  05689cas a2201225 a 4500
=001  013713014
=003  Uk
=005  20230311110435.0
=006  m\\\\\o\\d\\\\\\\\
=007  cr\|||||||||||
=008  080716c20079999vb\bx\pso\\\\\|\\\a0eng\d
=FMT  \\$a  SE
=022  \\$a1990-7923$202
=035  \\$a(OCoLC)234085384
=040  \\$aCGU$beng$cCGU$dKSU$dOCLCQ$dVPI$dOCLCQ$dOCLCF$dUk
=041  1\$aeng$hrus
=042  \\$aukblsr$aissnuk
=050  14$aQD450$b.R87
=082  04$a541.05$223
=130  0\$aKhimicheskai︠a︡ fizika.$lEnglish.
=210  0\$aRuss. j. phys. chem., B$b(Online)
=222  \0$aRussian journal of physical chemistry. B$b(Online)
=245  10$aRussian journal of physical chemistry.$nB$h[electronic resource].
=246  1\$iSome providers have contents screen title:$aRussian journal of physical chemistry B, focus on physics
=260  \\$aBritish Virgin Islands :$bPleiades Pub.
=310  \\$aEight times a year,$b2009-
=321  \\$aBimonthly,$b2007-2008
=336  \\$atext$2rdacontent
=337  \\$acomputer$2rdamedia
=338  \\$aonline resource$2rdacarrier
=362  1\$aBegan with: Vol. 1, no. 1 (Feb. 2007).
=500  \\$aDistributed by Springer.
=515  \\$aVol. 1, no. 5 (Oct. 2007) incorrectly called: Vol. 2, no. 5.
=588  \\$aDescription based on: Vol. 1, no. 1 (Feb. 2007); title from PDF running title (SpringerLink Web site, viewed July 16, 2008).
=588  \\$aLatest issue consulted: volume 16, issue 5 (October 2022) (SpringerLink, viewed January 17, 2023).
=540  \\$aCurrent copyright fee: GBP29.95$c22\1$5Uk
=650  \0$aChemistry, Physical and theoretical$vPeriodicals.
=650  \7$aChemistry, Physical and theoretical.$2fast$0(OCoLC)fst00853521
=655  \7$aPeriodicals.$2fast$0(OCoLC)fst01411641
=765  0\$tKhimicheskai︠a︡ fizika
=776  08$iPrint version:$tRussian journal of physical chemistry. B$x1990-7931
=780  01$tRussian journal of physical chemistry
=856  \\$31850-9999$uhttp://www.springer.com/gb/$xBLDSS
=856  40$uhttps://www.springer.com/journal/11826
=856  4\$uhttp://www.maik.ru/cgi-perl/journal.pl?lang=eng&name=physchb
=859  \\$aXLD$bejournal
=852  41$aBritish Library$bDSC$j8052.720200$3Volume 1:Issue 1(2007)-Volume 11:Issue 8(2017)***See ESTAR for full holdings.
=945  \\$aRussian journal of physical chemistry B
=959  \\$fHeld but not currently received
=979  \\$aBritish Library$bDSC$j8052.720200
=985  \\$aISSN responsibility transferred from ISSN Russia (17/01/23)
=CAT  \\$a7174$b40$c20070413$lBLL01$h1208
=CAT  \\$a11316$b40$c20150512$lBLL01$h1506
=CAT  \\$aBATCH-UPD$b40$c20150520$lBLL01$h1927
=CAT  \\$aIPL-CLA$c20150630$lBLL01$h1654
=CAT  \\$aBATCH-UPD$b00$c20150820$lBLL01$h1957
=CAT  \\$aIPL-CLA$c20150930$lBLL01$h1817
=CAT  \\$aBATCH-UPD$b00$c20160217$lBLL01$h1856
=CAT  \\$aIPL-CLA$c20160331$lBLL01$h1739
=CAT  \\$aBATCH-UPD$b00$c20160524$lBLL01$h2157
=CAT  \\$aBATCH-UPD$b00$c20160524$lBLL01$h2252
=CAT  \\$aBATCH-UPD$b00$c20160824$lBLL01$h1914
=CAT  \\$aIPL-CLA$c20160930$lBLL01$h1612
=CAT  \\$aBATCH-UPD$b00$c20170216$lBLL01$h1959
=CAT  \\$aIPL-CLA$c20170331$lBLL01$h1852
=CAT  \\$aBATCH-UPD$b00$c20170904$lBLL01$h2030
=CAT  \\$aIPL-CLA$c20170929$lBLL01$h1737
=CAT  \\$aBATCH-UPD$b00$c20180223$lBLL01$h1929
=CAT  \\$aIPL-CLA$c20180331$lBLL01$h1628
=CAT  \\$aW1805-0475$c20180520$lBLL01$h1632
=CAT  \\$aBATCH-UPD$b00$c20180524$lBLL01$h1809
=CAT  \\$aIPL-CLA$c20180630$lBLL01$h1921
=CAT  \\$aW1908-0780$b00$c20200730$lBLL01$h1330
=CAT  \\$aCDS21$c20220118$lBLL01$h1105
=CAT  \\$aBATCH-UPD$b00$c20221121$lBLL01$h1401
=CAT  \\$aIPL-CLA$c20221231$lBLL01$h1448
=CAT  \\$a10806$b40$c20230117$lBLL01$h0844
=CAT  \\$a5410$b40$c20230311$lBLL01$h1104
=CFI  0\$aCurrent copyright fee: GBP29.95$c22\1$e01-jan-2023$fGBP29.95$g0$hP$5Uk
=CFI  2\$aPrevious copyright fee: GBP34.00$c22\1$e01-jul-2018$fGBP34.00$g0$hP$5Uk
=EST  \\$a1
=FFP  \\$aY$bBLDSS-3PM
=FIN  \\$aY$d20150512
=MNI  \\$a1990-7931
=SID  \\$aZ39$bOCLC
=TCO  \\$aXXX$c008
=TOC  \\$aETOC
=UNO  \\$aY
=ACF  \\$aPrevious copyright fee: GBP21.25$c4\3$e01-jan-2009$fGBP21.25$g0$hP$5Uk
=ACF  \\$aPrevious Copyright Fee: GBP16.75$c4\3$e13-apr-2007$fGBP16.75$g0$hP$5Uk
=ACF  \\$aPrevious copyright fee: GBP22.00$c4\3$e01-apr-2009$fGBP22.00$g0$hP$5Uk
=ACF  \\$aPrevious copyright fee: GBP22.00$c4\3$e12-aug-2012$fGBP22.00$g0$hP$5Uk
=ACF  \\$aPrevious copyright fee: GBP25.00$c4\3$e01-jan-2013$fGBP25.00$g0$hP$5Uk
=ACF  \\$aPrevious copyright fee: GBP25.77$c4\3$e01-jul-2013$fGBP25.77$g0$hP$5Uk
=ACF  \\$aPrevious copyright fee: GBP24.97$c4\3$e01-jan-2014$fGBP24.97$g0$hP$5Uk
=ACF  \\$aPrevious copyright fee: GBP24.21$c4\3$e01-jul-2014$fGBP24.21$g0$hP$5Uk
=ACF  \\$aPrevious copyright fee: GBP25.77$c4\3$e01-apr-2015$fGBP25.77$g0$hP$5Uk
=ACF  \\$aPrevious copyright fee: GBP26.63$c4\3$e01-jul-2015$fGBP26.63$g0$hP$5Uk
=ACF  \\$aPrevious copyright fee: GBP25.77$c4\3$e01-oct-2015$fGBP25.77$g0$hP$5Uk
=ACF  \\$aPrevious copyright fee: GBP27.55$c4\3$e01-apr-2016$fGBP27.55$g0$hP$5Uk
=ACF  \\$aPrevious copyright fee: GBP29.59$c4\3$e01-oct-2016$fGBP29.59$g0$hP$5Uk
=ACF  \\$aPrevious copyright fee: GBP31.96$c4\3$e01-apr-2017$fGBP31.96$g0$hP$5Uk
=ACF  \\$aPrevious copyright fee: GBP30.73$c4\3$e01-oct-2017$fGBP30.73$g0$hP$5Uk
=ACF  \\$aPrevious copyright fee: GBP28.54$c4\3$e01-apr-2018$fGBP28.54$g0$hP$5Uk
=LAS  \\$a5410$b40$c20230311$lBLL01$h1104

