=LDR  05697cas a2201261 a 4500
=001  013714608
=003  Uk
=005  20230429123700.0
=006  m\\\\\o\\d\\\\\\\\
=007  cr\|||||||||||
=008  100210c20009999gw\qr\pso\\\\\0\\\a0eng\d
=FMT  \\$a  SE
=022  \\$a1863-9038
=035  \\$a(OCoLC)556090709
=040  \\$aQE2$beng$cQE2$dOCLCQ$dIUL$dCUS$dOCLCQ$dOCLCF$dOCLCO$dUk
=041  0\$aeng$afre$ager$aita$beng
=042  \\$aukblsr
=050  \4$aK5$b.E773
=082  04$a349.405$223
=130  0\$aERA-forum (Online)
=222  \0$aERA-Forum$b(Internet)
=245  10$aERA-forum$h[electronic resource].
=246  3\$aEuropäische Rechtsakademie-Forum (Internet)
=246  1\$aERA forum
=260  \\$a[Berlin, Germany] ;$aHeidelberg [Germany] :$bSpringer Verlag
=310  \\$aQuarterly
=336  \\$atext$2rdacontent
=337  \\$acomputer$2rdamedia
=338  \\$aonline resource$2rdacarrier
=362  1\$aBegan with vol. 1, no. 1 (2000).
=500  \\$aCo-published with the Academy of European Law.
=538  \\$aMode of access: World Wide Web.
=546  \\$aEnglish, French, German and Italian (with English summaries).
=588  \\$aDescription based on: Vol. 1, no. 1 (2000); title from contents screen (MetaPress, viewed Feb. 10, 2010).
=588  \\$aLatest issue consulted: volume 15, issue 4 (December 2014) (SpringerLink, viewed May 11, 2015).
=540  \\$aCurrent copyright fee: GBP29.95$c22\1$5Uk
=610  20$aAcademy of European Law (Trier, Germany)$vPeriodicals.
=650  \0$aLaw$zEurope$vPeriodicals.
=650  \0$aLaw$zEuropean Union countries$vPeriodicals.
=610  27$aAcademy of European Law (Trier, Germany)$0(OCoLC)fst00692287
=650  \7$aLaw.$2fast$0(OCoLC)fst00993678
=651  \7$aEurope.$2fast$0(OCoLC)fst01245064
=651  \7$aEurope$zEuropean Union countries.$2fast$0(OCoLC)fst01269470
=655  \7$aPeriodicals.$2fast$0(OCoLC)fst01411641
=710  2\$aAcademy of European Law (Trier, Germany)
=776  08$iPrint version:$tERA-Forum$x1612-3093
=856  \\$31850-9999$uhttp://www.springer.com/gb/$xBLDSS
=856  40$uhttp://www.springerlink.com/openurl.asp?genre=journal&issn=1612-3093
=859  \\$aXLD$bejournal
=852  41$aBritish Library$bDSC$j3794.858800$3Volume 2:Issue 1(2001)-Volume 18:Issue 3(2017)***See ESTAR for full holdings.
=945  \\$aERA forum
=959  \\$fHeld but not currently received
=979  \\$aBritish Library$bDSC$j3794.858800
=CAT  \\$a7174$b40$c20070417$lBLL01$h1115
=CAT  \\$aIPL-CLA$c20150630$lBLL01$h1654
=CAT  \\$aBATCH-UPD$b00$c20150820$lBLL01$h1838
=CAT  \\$aIPL-CLA$c20150930$lBLL01$h1817
=CAT  \\$aBATCH-UPD$b00$c20160217$lBLL01$h1728
=CAT  \\$aIPL-CLA$c20160331$lBLL01$h1739
=CAT  \\$aBATCH-UPD$b00$c20160524$lBLL01$h2211
=CAT  \\$aBATCH-UPD$b00$c20160525$lBLL01$h0027
=CAT  \\$aBATCH-UPD$b00$c20160824$lBLL01$h1755
=CAT  \\$aIPL-CLA$c20160930$lBLL01$h1612
=CAT  \\$aBATCH-UPD$b00$c20170216$lBLL01$h1843
=CAT  \\$aIPL-CLA$c20170331$lBLL01$h1852
=CAT  \\$aBATCH-UPD$b00$c20170904$lBLL01$h1852
=CAT  \\$aIPL-CLA$c20170929$lBLL01$h1737
=CAT  \\$a5100$b40$c20171121$lBLL01$h1009
=CAT  \\$aBATCH-UPD$b40$c20171121$lBLL01$h1009
=CAT  \\$aBATCH-UPD$b40$c20180223$lBLL01$h1722
=CAT  \\$aIPL-CLA$c20180331$lBLL01$h1628
=CAT  \\$aW1805-0475$c20180520$lBLL01$h1632
=CAT  \\$aBATCH-UPD$b00$c20180524$lBLL01$h1714
=CAT  \\$aIPL-CLA$c20180630$lBLL01$h1921
=CAT  \\$aW1908-0780$b00$c20200730$lBLL01$h1330
=CAT  \\$aCDS21$c20220118$lBLL01$h1105
=CAT  \\$aBATCH-UPD$b00$c20221121$lBLL01$h1401
=CAT  \\$aIPL-CLA$c20221231$lBLL01$h1448
=CAT  \\$a5410$b40$c20230429$lBLL01$h1237
=CFI  0\$aCurrent copyright fee: GBP29.95$c22\1$e01-jan-2023$fGBP29.95$g0$hP$5Uk
=CFI  2\$aPrevious copyright fee: GBP34.00$c22\1$e01-jul-2018$fGBP34.00$g0$hP$5Uk
=EST  \\$a1
=FFP  \\$aY$bBLDSS-3PM
=FIN  \\$aY$d20150511
=LET  \0$aERA forum (Electronic)
=LKR  \\$aPAR$b013307707$lBLL01$r776$mERA forum (Online)$nERA forum (Print)
=MNI  \\$a1612-3093
=SID  \\$aZ39$bOCLC
=TCO  \\$aDEU$bVG WORT$c008
=TOC  \\$aETOC
=UNO  \\$aY
=ACF  \\$aPrevious copyright fee: GBP21.25$c22\3$e01-jan-2009$fGBP21.25$g0$hP$5Uk
=ACF  \\$aPrevious Copyright Fee: GBP16.75$c22\3$e17-apr-2007$fGBP16.75$g0$hP$5Uk
=ACF  \\$aPrevious copyright fee: GBP22.00$c22\3$e01-apr-2009$fGBP22.00$g0$hP$5Uk
=ACF  \\$aPrevious copyright fee: GBP22.00$c22\3$e12-aug-2012$fGBP22.00$g0$hP$5Uk
=ACF  \\$aPrevious copyright fee: GBP25.00$c22\3$e01-jan-2013$fGBP25.00$g0$hP$5Uk
=ACF  \\$aPrevious copyright fee: GBP25.77$c22\3$e01-jul-2013$fGBP25.77$g0$hP$5Uk
=ACF  \\$aPrevious copyright fee: GBP24.97$c22\3$e01-jan-2014$fGBP24.97$g0$hP$5Uk
=ACF  \\$aPrevious copyright fee: GBP24.21$c22\3$e01-jul-2014$fGBP24.21$g0$hP$5Uk
=ACF  \\$aPrevious copyright fee: GBP25.77$c22\3$e01-apr-2015$fGBP25.77$g0$hP$5Uk
=ACF  \\$aPrevious copyright fee: GBP26.63$c22\3$e01-jul-2015$fGBP26.63$g0$hP$5Uk
=ACF  \\$aPrevious copyright fee: GBP25.77$c22\3$e01-oct-2015$fGBP25.77$g0$hP$5Uk
=ACF  \\$aPrevious copyright fee: GBP27.55$c22\3$e01-apr-2016$fGBP27.55$g0$hP$5Uk
=ACF  \\$aPrevious copyright fee: GBP29.59$c22\3$e01-oct-2016$fGBP29.59$g0$hP$5Uk
=ACF  \\$aPrevious copyright fee: GBP31.96$c22\3$e01-apr-2017$fGBP31.96$g0$hP$5Uk
=ACF  \\$aPrevious copyright fee: GBP30.73$c22\3$e01-oct-2017$fGBP30.73$g0$hP$5Uk
=ACF  \\$aPrevious copyright fee: GBP28.54$c22\3$e01-apr-2018$fGBP28.54$g0$hP$5Uk
=LAS  \\$a5410$b40$c20230429$lBLL01$h1237

