=LDR  06529cas a2201297 a 4500
=001  013718534
=003  Uk
=005  20230313132140.0
=006  m\\\\\o\\d\\\\\\\\
=007  cr\un|||||||||
=008  050614c19869999cc\br\p\o\\\\\0\\\a0eng\c
=FMT  \\$a  SE
=010  \\$a  2007255189
=022  \\$a1993-0437$y1000-2413
=035  \\$a(OCoLC)60622799
=040  \\$aOCLCS$beng$cOCLCS$dOCLCS$dZCU$dDLC$dCUS$dOCLCQ$dOCLCF$dOCLCO$dOCLCQ$dUk
=042  \\$aukblsr
=050  14$aTA401
=082  04$a620.1105$223
=130  0\$aJournal of Wuhan University of Technology.$pMaterials science edition (Online)
=210  0\$aJ. Wuhan Univ. Technol.$b(Online)
=222  \0$aJournal of Wuhan University of Technology.$b(Online)
=245  10$aJournal of Wuhan University of Technology.$pMaterials science edition$h[electronic resource].
=246  1\$iMinor title change:$aJournal of Wuhan University of Technology.$pMaterials science
=246  30$aMaterials science edition
=246  17$aJournal of Wuhan University of Technology. Mater. sci. ed.
=246  1\$6880-01$iTitle on title header:$aWuhan li gong da xue xue bao (cai liao ke xue ban) (ying wen ban)
=260  \\$aWuhan, China :$bEditorial Office of the Journal of the University :$bDistributed by China National Publication Import & Export Corp.
=264  31$aWuhan, China :$bWuhan University of Technology
=310  \\$aBimonthly,$b2008-
=321  \\$aQuarterly,$b<2000->2007
=336  \\$atext$btxt$2rdacontent
=337  \\$acomputer$bc$2rdamedia
=338  \\$aonline resource$bcr$2rdacarrier
=362  1\$aPrint began in 1986.
=530  \\$aAlso issued in print.
=538  \\$aMode of access: World Wide Web.
=588  \\$aDescription based on: 1999 nian di 1 qi = vol. 14, no. 1 (1994); title from PDF cover (Wanfang, viewed Aug. 31, 2007).
=588  \\$aLatest issue consulted: Volume 31, issue 2 (April 2016) (SpringerLink, viewed May 11, 2016).
=540  \\$aCurrent copyright fee: GBP29.95$c22\1$5Uk
=650  \0$aMaterials science$vPeriodicals.
=650  \7$aMaterials science.$2fast$0(OCoLC)fst01011957
=655  \7$aPeriodicals.$2fast$0(OCoLC)fst01411641
=710  2\$aWuhan gong ye da xue.
=776  1\$tJournal of Wuhan University of Technology. Materials science edition$x1000-2413
=856  \\$31850-9999$uhttp://www.springer.com/gb/$xBLDSS
=856  40$uhttp://www.springerlink.com/content/1000-2413/
=856  40$uhttp://www.wanfangdata.com/wf/~kjqk/whgydxxb-e/index.html
=856  40$uhttp://www.maney.co.uk/search?fwaction=show&fwid=361
=856  40$uhttp://ckrd.cnki.net/grid20/Navi/item.aspx?NaviID=1&BaseID=WLGY&NaviLink=%e7%90%86%e5%b7%a5B(%e5%8c%96%e5%ad%a6%e5%8c%96%e5%b7%a5%e5%86%b6%e9%87%91%e7%8e%af%e5%a2%83%e7%9f%bf%e4%b8%9a)
=880  1\$6246-01$iTitle on title header:$a武漢理工大學學報 (材料科學版) (英文版)
=859  \\$aXLD$bejournal
=852  41$aBritish Library$bDSC$j4917.469420$3Volume 22:Issue 1(2007)-Volume 33:Issue 1(2018)***See ESTAR for full holdings.
=945  \\$aJournal- Wuhan University of Technology Materials Science Edition English Edition
=959  \\$fHeld but not currently received
=979  \\$aBritish Library$bDSC$j4917.469420
=CAT  \\$a7174$b40$c20070420$lBLL01$h1103
=CAT  \\$aBATCH-UPD$b00$c20150520$lBLL01$h1708
=CAT  \\$aIPL-CLA$c20150630$lBLL01$h1654
=CAT  \\$aBATCH-UPD$b00$c20150820$lBLL01$h1757
=CAT  \\$aIPL-CLA$c20150930$lBLL01$h1817
=CAT  \\$aBATCH-UPD$b00$c20160217$lBLL01$h1644
=CAT  \\$aIPL-CLA$c20160331$lBLL01$h1739
=CAT  \\$a8124$b40$c20160511$lBLL01$h0814
=CAT  \\$a8124$b40$c20160511$lBLL01$h0816
=CAT  \\$aBATCH-UPD$b40$c20160524$lBLL01$h2157
=CAT  \\$aBATCH-UPD$b40$c20160524$lBLL01$h2252
=CAT  \\$aBATCH-UPD$b40$c20160824$lBLL01$h1722
=CAT  \\$aIPL-CLA$c20160930$lBLL01$h1612
=CAT  \\$aBATCH-UPD$b00$c20170216$lBLL01$h1809
=CAT  \\$aIPL-CLA$c20170331$lBLL01$h1852
=CAT  \\$aBATCH-UPD$b00$c20170904$lBLL01$h1811
=CAT  \\$aIPL-CLA$c20170929$lBLL01$h1737
=CAT  \\$aBATCH-UPD$b00$c20180223$lBLL01$h1627
=CAT  \\$aIPL-CLA$c20180331$lBLL01$h1628
=CAT  \\$aW1805-0475$c20180520$lBLL01$h1632
=CAT  \\$aBATCH-UPD$b00$c20180524$lBLL01$h1659
=CAT  \\$aIPL-CLA$c20180630$lBLL01$h1921
=CAT  \\$aW1908-0780$b00$c20200730$lBLL01$h1330
=CAT  \\$aCDS21$c20220118$lBLL01$h1105
=CAT  \\$aBATCH-UPD$b00$c20221121$lBLL01$h1401
=CAT  \\$aIPL-CLA$c20221231$lBLL01$h1448
=CAT  \\$a5410$b40$c20230313$lBLL01$h1321
=CFI  0\$aCurrent copyright fee: GBP29.95$c22\1$e01-jan-2023$fGBP29.95$g0$hP$5Uk
=CFI  2\$aPrevious copyright fee: GBP34.00$c22\1$e01-jul-2018$fGBP34.00$g0$hP$5Uk
=EST  \\$a1
=FFP  \\$aY$bBLDSS-3PM
=FIN  \\$aY$d20160511
=LKR  \\$aPAR$b010487600$lBLL01$r776$mJournal of Wuhan University of Technology [electronic resource].$nJournal of Wuhan University of Technology (Print).
=MNI  \\$a1000-2413
=SID  \\$aZ39$bOCLC
=TCO  \\$aZZZ$c008
=TOC  \\$aETOC
=UNO  \\$aY
=ACF  \\$aPrevious copyright fee: GBP21.25$c13\5$e01-jan-2009$fGBP21.25$g0$hP$5Uk
=ACF  \\$aPrevious Copyright Fee: GBP16.75$c13\5$e20-apr-2007$fGBP16.75$g0$hP$5Uk
=ACF  \\$aPrevious copyright fee: GBP22.00$c13\5$e01-apr-2009$fGBP22.00$g0$hP$5Uk
=ACF  \\$aPrevious copyright fee: GBP22.00$c13\5$e12-aug-2012$fGBP22.00$g0$hP$5Uk
=ACF  \\$aPrevious copyright fee: GBP25.00$c13\5$e01-jan-2013$fGBP25.00$g0$hP$5Uk
=ACF  \\$aPrevious copyright fee: GBP25.77$c13\5$e01-jul-2013$fGBP25.77$g0$hP$5Uk
=ACF  \\$aPrevious copyright fee: GBP24.97$c13\5$e01-jan-2014$fGBP24.97$g0$hP$5Uk
=ACF  \\$aPrevious copyright fee: GBP24.21$c13\5$e01-jul-2014$fGBP24.21$g0$hP$5Uk
=ACF  \\$aPrevious copyright fee: GBP25.77$c13\5$e01-apr-2015$fGBP25.77$g0$hP$5Uk
=ACF  \\$aPrevious copyright fee: GBP26.63$c13\5$e01-jul-2015$fGBP26.63$g0$hP$5Uk
=ACF  \\$aPrevious copyright fee: GBP25.77$c13\5$e01-oct-2015$fGBP25.77$g0$hP$5Uk
=ACF  \\$aPrevious copyright fee: GBP27.55$c13\5$e01-apr-2016$fGBP27.55$g0$hP$5Uk
=ACF  \\$aPrevious copyright fee: GBP29.59$c13\5$e01-oct-2016$fGBP29.59$g0$hP$5Uk
=ACF  \\$aPrevious copyright fee: GBP31.96$c13\5$e01-apr-2017$fGBP31.96$g0$hP$5Uk
=ACF  \\$aPrevious copyright fee: GBP30.73$c13\5$e01-oct-2017$fGBP30.73$g0$hP$5Uk
=ACF  \\$aPrevious copyright fee: GBP28.54$c13\5$e01-apr-2018$fGBP28.54$g0$hP$5Uk
=LAS  \\$a5410$b40$c20230313$lBLL01$h1321

