=LDR  05608cas a2201237 a 4500
=001  013729798
=003  Uk
=005  20230311104707.0
=006  m\\\\\o\\d\\\\\\\\
=007  cr\mn|||||||||
=008  051026c19929999gw\tr\p\o\\\\\0\\\a0eng\c
=FMT  \\$a  SE
=010  \\$a2009252997
=022  0\$a1863-8260$l1133-0686$y1133-0686$26
=035  \\$a(OCoLC)62155677$z(OCoLC)240901476$z(OCoLC)320938416
=040  \\$aCOA$beng$cCOA$dCUS$dOH1$dSFB$dWAU$dAU@$dOCLCQ$dUk
=042  \\$aukblsr
=050  \4$aHA1
=082  04$a519.5$222
=130  0\$aTest (Madrid, Spain : Online)
=210  1\$aTest$b(Berl., Springer, Internet)
=222  \0$aTest$b(Berlin. Springer. Internet)
=245  10$aTest$h[electronic resource].
=260  \\$aBerlin :$bSpringer
=310  \\$aThree times a year,$b2007-
=321  \\$aSemiannual,$b1992-2006
=336  \\$atext$2rdacontent
=337  \\$acomputer$2rdamedia
=338  \\$aonline resource$2rdacarrier
=362  1\$aBegan with: Vol. 1, no. 1 (Dec. 1992).
=550  \\$aIssued: Spanish Society of Statistics and Operations Research.
=588  \\$aDescription based on: Vol. 1, no. 1 (Dec. 1992); title from article PDF running title (publishers website, viewed Dec. 31, 2009).
=588  \\$aLatest issue consulted: volume 22, issue 2 (SpringerLink, viewed July 25, 2013).
=540  \\$aCurrent copyright fee: GBP29.95$c22\1$5Uk
=650  \0$aStatistics$vPeriodicals.
=650  \0$aProbabilities$vPeriodicals.
=650  \6$aStatistiques$vPériodiques.
=650  \6$aRecherche opérationnelle$vPériodiques.
=710  2\$aSociedad Española de Estadística y de Investigación Operativa.
=776  08$iPrint version:$tTest (Madrid, Spain)$x1133-0686
=780  00$tTrabajos de estadística$x2340-4094
=856  \\$31850-9999$uhttp://www.springer.com/gb/$xBLDSS
=856  40$uhttp://bibpurl.oclc.org/web/15804
=856  40$uhttp://link.springer.com/journal/11749
=856  40$uhttp://www.seio.es/test/
=856  40$uhttp://www.springerlink.com/openurl.asp?genre=journal&issn=1133-0686
=859  \\$aXLD$bejournal
=852  41$aBritish Library$bDSC$j8796.327620$3Volume 15:Issue 1(2006)-Volume 27:Issue 1(2018)***See ESTAR for full holdings.
=945  \\$aTest -Madrid-
=959  \\$fHeld but not currently received
=979  \\$aBritish Library$bDSC$j8796.327620
=CAT  \\$a7174$b40$c20070424$lBLL01$h1358
=CAT  \\$aBATCH-UPD$b00$c20150219$lBLL01$h1748
=CAT  \\$aIPL-CLA$c20150331$lBLL01$h1648
=CAT  \\$aBATCH-UPD$b00$c20150520$lBLL01$h1754
=CAT  \\$aIPL-CLA$c20150630$lBLL01$h1654
=CAT  \\$aBATCH-UPD$b00$c20150820$lBLL01$h1841
=CAT  \\$aIPL-CLA$c20150930$lBLL01$h1817
=CAT  \\$aBATCH-UPD$b00$c20160217$lBLL01$h1732
=CAT  \\$aIPL-CLA$c20160331$lBLL01$h1739
=CAT  \\$aBATCH-UPD$b00$c20160524$lBLL01$h2211
=CAT  \\$aBATCH-UPD$b00$c20160525$lBLL01$h0027
=CAT  \\$aBATCH-UPD$b00$c20160824$lBLL01$h1759
=CAT  \\$aIPL-CLA$c20160930$lBLL01$h1612
=CAT  \\$aBATCH-UPD$b00$c20170216$lBLL01$h1847
=CAT  \\$aIPL-CLA$c20170331$lBLL01$h1852
=CAT  \\$aBATCH-UPD$b00$c20170904$lBLL01$h1856
=CAT  \\$aIPL-CLA$c20170929$lBLL01$h1737
=CAT  \\$aBATCH-UPD$b00$c20180223$lBLL01$h1729
=CAT  \\$aIPL-CLA$c20180331$lBLL01$h1628
=CAT  \\$aW1805-0475$c20180520$lBLL01$h1632
=CAT  \\$aBATCH-UPD$b00$c20180524$lBLL01$h1717
=CAT  \\$aIPL-CLA$c20180630$lBLL01$h1921
=CAT  \\$aW1908-0780$b00$c20200730$lBLL01$h1330
=CAT  \\$aCDS21$c20220118$lBLL01$h1105
=CAT  \\$aBATCH-UPD$b00$c20221121$lBLL01$h1401
=CAT  \\$aIPL-CLA$c20221231$lBLL01$h1448
=CAT  \\$a5410$b40$c20230311$lBLL01$h1047
=CFI  0\$aCurrent copyright fee: GBP29.95$c22\1$e01-jan-2023$fGBP29.95$g0$hP$5Uk
=CFI  2\$aPrevious copyright fee: GBP34.00$c22\1$e01-jul-2018$fGBP34.00$g0$hP$5Uk
=EST  \\$a1
=FFP  \\$aY$bBLDSS-3PM
=FIN  \\$aY$d20130725
=LKR  \\$aPAR$b011134526$lBLL01$r776$mTest [electronic resource].$nTest (Madrid. Print).
=MNI  \\$a1133-0686
=SID  \\$aZ39$bOCLC
=TCO  \\$aESP$bCEDRO$c008
=TOC  \\$aETOC
=UNO  \\$aY
=ACF  \\$aPrevious copyright fee: GBP21.25$c22\5$e01-jan-2009$fGBP21.25$g0$hP$5Uk
=ACF  \\$aPrevious Copyright Fee: GBP16.75$c22\5$e24-apr-2007$fGBP16.75$g0$hP$5Uk
=ACF  \\$aPrevious copyright fee: GBP22.00$c22\5$e01-apr-2009$fGBP22.00$g0$hP$5Uk
=ACF  \\$aPrevious copyright fee: GBP22.00$c22\5$e12-aug-2012$fGBP22.00$g0$hP$5Uk
=ACF  \\$aPrevious copyright fee: GBP25.00$c22\5$e01-jan-2013$fGBP25.00$g0$hP$5Uk
=ACF  \\$aPrevious copyright fee: GBP25.77$c22\5$e01-jul-2013$fGBP25.77$g0$hP$5Uk
=ACF  \\$aPrevious copyright fee: GBP24.97$c22\5$e01-jan-2014$fGBP24.97$g0$hP$5Uk
=ACF  \\$aPrevious copyright fee: GBP24.21$c22\5$e01-jul-2014$fGBP24.21$g0$hP$5Uk
=ACF  \\$aPrevious copyright fee: GBP25.77$c22\5$e01-apr-2015$fGBP25.77$g0$hP$5Uk
=ACF  \\$aPrevious copyright fee: GBP26.63$c22\5$e01-jul-2015$fGBP26.63$g0$hP$5Uk
=ACF  \\$aPrevious copyright fee: GBP25.77$c22\5$e01-oct-2015$fGBP25.77$g0$hP$5Uk
=ACF  \\$aPrevious copyright fee: GBP27.55$c22\5$e01-apr-2016$fGBP27.55$g0$hP$5Uk
=ACF  \\$aPrevious copyright fee: GBP29.59$c22\5$e01-oct-2016$fGBP29.59$g0$hP$5Uk
=ACF  \\$aPrevious copyright fee: GBP31.96$c22\5$e01-apr-2017$fGBP31.96$g0$hP$5Uk
=ACF  \\$aPrevious copyright fee: GBP30.73$c22\5$e01-oct-2017$fGBP30.73$g0$hP$5Uk
=ACF  \\$aPrevious copyright fee: GBP28.54$c22\5$e01-apr-2018$fGBP28.54$g0$hP$5Uk
=LAS  \\$a5410$b40$c20230311$lBLL01$h1047

