=LDR  05572cas a2201225 a 4500
=001  013737840
=003  Uk
=005  20221231144825.0
=006  m\\\\\\\\d\\\\\\\\
=007  cr\cnu||||||||
=008  030818d20012006njubx\pss\\\\\0\\\a0eng\c
=FMT  \\$a  SE
=010  \\$a2005215873
=022  0\$a1559-0739$y1537-3649$21
=035  \\$a(OCoLC)52860505
=037  \\$bHumana Press, 999 Riverview Dr., Ste. 208, Totowa, NJ 07512
=040  \\$aOUN$cOUN$dOCLCQ$dNSD$dNLGGC$dDLC$dAGL$dUk
=042  \\$ansdp$aukblsr
=050  10$aISSN RECORD
=050  14$aQP151$b.I58
=070  0\$aRC280.D5$bI58
=072  \0$aX380
=082  04$a616.9943005$222
=130  0\$aInternational journal of gastrointestinal cancer (Online)
=210  0\$aInt. j. gastrointest. cancer$b(Online)
=222  \0$aInternational journal of gastrointestinal cancer$b(Online)
=245  10$aInternational journal of gastrointestinal cancer$h[electronic resource].
=246  30$aGastrointestinal cancer
=260  \\$aTotowa, NJ :$bHumana Press,$cc2001-2006.
=310  \\$aSix times a year
=336  \\$atext$2rdacontent
=337  \\$acomputer$2rdamedia
=338  \\$aonline resource$2rdacarrier
=362  0\$aVol. 30, issue 1/2 (Aug./Oct. 2001)-Vol. 37, no. 4 (Dec. 2006).
=500  \\$aTitle from table of contents page (publisher's website viewed on Nov. 30, 2005).
=500  \\$aFinal issue consulted.
=530  \\$aAlso issued in print.
=538  \\$aMode of access: World Wide Web.
=540  \\$aCurrent copyright fee: GBP29.95$c22\1$5Uk
=650  \0$aGastrointestinal system$xCancer$vPeriodicals.
=650  12$aGastrointestinal Neoplasms$vPeriodicals.
=710  2\$aHumana Press.
=776  1\$tInternational journal of gastrointestinal cancer$x1537-3649
=780  00$tInternational journal of pancreatology (Online)
=785  00$tJournal of gastrointestinal cancer (Online)$x1941-6636
=856  \\$31850-9999$uhttp://www.springer.com/gb/$xBLDSS
=856  40$uhttp://www.springerlink.com/content/120564/
=859  \\$aXLD$bejournal
=852  41$aBritish Library$bDSC$j4542.263700$3Volume 25:Issue 3(1999)-Volume 37:Issue 4(2006)***See ESTAR for full holdings.
=945  \\$aInternational journal of gastrointestinal cancer
=959  \\$fHeld but not currently received
=CAT  \\$a7174$b40$c20070503$lBLL01$h1031
=CAT  \\$aBLDSS-3PM$b00$c20150103$lBLL01$h1045
=CAT  \\$aBATCH-UPD$b00$c20150219$lBLL01$h1655
=CAT  \\$aIPL-CLA$c20150331$lBLL01$h1649
=CAT  \\$aBATCH-UPD$b00$c20150520$lBLL01$h1710
=CAT  \\$aIPL-CLA$c20150630$lBLL01$h1655
=CAT  \\$aBATCH-UPD$b00$c20150820$lBLL01$h1758
=CAT  \\$aIPL-CLA$c20150930$lBLL01$h1817
=CAT  \\$aBATCH-UPD$b00$c20160217$lBLL01$h1646
=CAT  \\$aIPL-CLA$c20160331$lBLL01$h1740
=CAT  \\$aBATCH-UPD$b00$c20160524$lBLL01$h2157
=CAT  \\$aBATCH-UPD$b00$c20160524$lBLL01$h2252
=CAT  \\$aBATCH-UPD$b00$c20160824$lBLL01$h1723
=CAT  \\$aIPL-CLA$c20160930$lBLL01$h1612
=CAT  \\$aBATCH-UPD$b00$c20170216$lBLL01$h1810
=CAT  \\$aIPL-CLA$c20170331$lBLL01$h1852
=CAT  \\$aBATCH-UPD$b00$c20170904$lBLL01$h1812
=CAT  \\$aIPL-CLA$c20170929$lBLL01$h1737
=CAT  \\$aBATCH-UPD$b00$c20180223$lBLL01$h1629
=CAT  \\$aIPL-CLA$c20180331$lBLL01$h1628
=CAT  \\$aBATCH-UPD$b00$c20180524$lBLL01$h1700
=CAT  \\$aIPL-CLA$c20180630$lBLL01$h1921
=CAT  \\$aW1908-0780$b00$c20200730$lBLL01$h1330
=CAT  \\$aCDS21$c20220118$lBLL01$h1105
=CAT  \\$aBATCH-UPD$b00$c20221121$lBLL01$h1401
=CAT  \\$aIPL-CLA$c20221231$lBLL01$h1448
=CFI  0\$aCurrent copyright fee: GBP29.95$c22\1$e01-jan-2023$fGBP29.95$g0$hP$5Uk
=CFI  2\$aPrevious copyright fee: GBP34.00$c22\1$e01-jul-2018$fGBP34.00$g0$hP$5Uk
=EST  \\$a1
=FFP  \\$aY$bBLDSS-3PM
=FIN  \\$aY$d20081104
=LKR  \\$aPAR$b009858492$lBLL01$r776$mInternational journal of gastrointestinal cancer (Online)$nInternational journal of gastrointestinal cancer (Print).
=MNI  \\$a1537-3649
=SID  \\$aZ39$bOCLC
=TCO  \\$aTRS$bCCC$c008
=TOC  \\$aETOC
=UNO  \\$aY
=ACF  \\$aPrevious copyright fee: GBP21.25$c13\6$e01-jan-2009$fGBP21.25$g0$hP$5Uk
=ACF  \\$aPrevious Copyright Fee: GBP16.75$c13\6$e03-may-2007$fGBP16.75$g0$hP$5Uk
=ACF  \\$aPrevious copyright fee: GBP22.00$c13\6$e01-apr-2009$fGBP22.00$g0$hP$5Uk
=ACF  \\$aPrevious copyright fee: GBP22.00$c13\6$e12-aug-2012$fGBP22.00$g0$hP$5Uk
=ACF  \\$aPrevious copyright fee: GBP25.00$c13\6$e01-jan-2013$fGBP25.00$g0$hP$5Uk
=ACF  \\$aPrevious copyright fee: GBP25.77$c13\6$e01-jul-2013$fGBP25.77$g0$hP$5Uk
=ACF  \\$aPrevious copyright fee: GBP24.97$c13\6$e01-jan-2014$fGBP24.97$g0$hP$5Uk
=ACF  \\$aPrevious copyright fee: GBP24.21$c13\6$e01-jul-2014$fGBP24.21$g0$hP$5Uk
=ACF  \\$aPrevious copyright fee: GBP25.77$c13\6$e01-apr-2015$fGBP25.77$g0$hP$5Uk
=ACF  \\$aPrevious copyright fee: GBP26.63$c13\6$e01-jul-2015$fGBP26.63$g0$hP$5Uk
=ACF  \\$aPrevious copyright fee: GBP25.77$c13\6$e01-oct-2015$fGBP25.77$g0$hP$5Uk
=ACF  \\$aPrevious copyright fee: GBP27.55$c13\6$e01-apr-2016$fGBP27.55$g0$hP$5Uk
=ACF  \\$aPrevious copyright fee: GBP29.59$c13\6$e01-oct-2016$fGBP29.59$g0$hP$5Uk
=ACF  \\$aPrevious copyright fee: GBP31.96$c13\6$e01-apr-2017$fGBP31.96$g0$hP$5Uk
=ACF  \\$aPrevious copyright fee: GBP30.73$c13\6$e01-oct-2017$fGBP30.73$g0$hP$5Uk
=ACF  \\$aPrevious copyright fee: GBP28.54$c13\6$e01-apr-2018$fGBP28.54$g0$hP$5Uk
=LAS  \\$aIPL-CLA$b00$c20221231$lBLL01$h1448

