=LDR  05586cas a2201261 a 4500
=001  013737999
=003  Uk
=005  20230313133224.0
=006  m\\\\\o\\d\\\\\\\\
=007  cr\cn|||||||||
=008  070516c20079999ne\qr\pso\\\\\0\\\a0eng\c
=FMT  \\$a  SE
=010  \\$a  2008220481
=022  0\$a1872-8847$y1872-8855
=035  \\$a(OCoLC)128596191
=040  \\$aHNK$beng$cHNK$dHNK$dMUQ$dAGL$dOCLCQ$dOCLCO$dOCLCQ$dOCLCF$dOCLCO$dUk
=042  \\$aukblsr
=050  \4$aQL496$b.A78
=070  0\$aQL496$b.A78
=072  \0$aF821
=082  04$a577.85$223
=130  0\$aArthropod-plant interactions (Online)
=222  \0$aArthropod-plant interactions$b(Online)
=245  10$aArthropod-plant interactions$h[electronic resource].
=246  13$aAPIS
=260  \\$a[Dordrecht] :$bSpringer Science+Business Media B.V.,$c2007-
=310  \\$aQuarterly
=336  \\$atext$2rdacontent
=337  \\$acomputer$2rdamedia
=338  \\$aonline resource$2rdacarrier
=362  0\$aVol. 1, no. 1 (Mar., 2007)-
=500  \\$aTitle from journal information screen (SpringerLink, viewed May 16, 2007).
=530  \\$aAlso issued in print.
=538  \\$aMode of access: World Wide Web.
=588  \\$aLatest issue consulted: volume 9, issue 1 (February 2015) (viewed March 10, 2015).
=540  \\$aCurrent copyright fee: GBP29.95$c22\1$5Uk
=650  \0$aInsect-plant relationships$vPeriodicals.
=650  \0$aArthropoda$xBehavior$vPeriodicals.
=650  \0$aArthropoda$xEcology$vPeriodicals.
=650  \6$aRelations insecte-plante$vPériodiques.
=650  \6$aArthropodes$xMœurs et comportement$vPériodiques.
=650  \6$aArthropodes$xÉcologie$vPériodiques.
=650  \7$aArthropoda$xBehavior.$2fast$0(OCoLC)fst00817141
=650  \7$aArthropoda$xEcology.$2fast$0(OCoLC)fst00817147
=650  \7$aInsect-plant relationships.$2fast$0(OCoLC)fst00974046
=655  \7$aPeriodicals.$2fast$0(OCoLC)fst01411641
=776  1\$tArthropod-plant interactions$x1872-8855
=856  \\$31850-9999$uhttp://www.springer.com/gb/$xBLDSS
=856  40$uhttp://www.springerlink.com/content/120574/
=859  \\$aXLD$bejournal
=852  41$aBritish Library$bDSC$j1733.893550$3Volume 1:Issue 1(2007)-Volume 12:Issue 2(2018)***See ESTAR for full holdings.
=945  \\$aArthropod plant interactions
=959  \\$fHeld but not currently received
=979  \\$aBritish Library$bDSC$j1733.893550
=CAT  \\$a7174$b40$c20070503$lBLL01$h1129
=CAT  \\$a8124$b40$c20150310$lBLL01$h1016
=CAT  \\$aIPL-CLA$c20150331$lBLL01$h1649
=CAT  \\$aBATCH-UPD$b00$c20150520$lBLL01$h1702
=CAT  \\$aIPL-CLA$c20150630$lBLL01$h1655
=CAT  \\$aBATCH-UPD$b00$c20150820$lBLL01$h1752
=CAT  \\$aIPL-CLA$c20150930$lBLL01$h1817
=CAT  \\$aBATCH-UPD$b00$c20160217$lBLL01$h1638
=CAT  \\$aIPL-CLA$c20160331$lBLL01$h1740
=CAT  \\$aBATCH-UPD$b00$c20160518$lBLL01$h1154
=CAT  \\$aBATCH-UPD$b00$c20160524$lBLL01$h2157
=CAT  \\$aBATCH-UPD$b00$c20160824$lBLL01$h1715
=CAT  \\$aIPL-CLA$c20160930$lBLL01$h1612
=CAT  \\$aBATCH-UPD$b00$c20170216$lBLL01$h1802
=CAT  \\$aIPL-CLA$c20170331$lBLL01$h1852
=CAT  \\$aBATCH-UPD$b00$c20170904$lBLL01$h1804
=CAT  \\$aIPL-CLA$c20170929$lBLL01$h1737
=CAT  \\$aBATCH-UPD$b00$c20180223$lBLL01$h1620
=CAT  \\$aIPL-CLA$c20180331$lBLL01$h1628
=CAT  \\$aW1805-0475$c20180520$lBLL01$h1632
=CAT  \\$aBATCH-UPD$b00$c20180524$lBLL01$h1653
=CAT  \\$aIPL-CLA$c20180630$lBLL01$h1921
=CAT  \\$aW1908-0780$b00$c20200730$lBLL01$h1330
=CAT  \\$aCDS21$c20220118$lBLL01$h1105
=CAT  \\$aBATCH-UPD$b00$c20221121$lBLL01$h1401
=CAT  \\$aIPL-CLA$c20221231$lBLL01$h1448
=CAT  \\$a5410$b40$c20230313$lBLL01$h1332
=CFI  0\$aCurrent copyright fee: GBP29.95$c22\1$e01-jan-2023$fGBP29.95$g0$hP$5Uk
=CFI  2\$aPrevious copyright fee: GBP34.00$c22\1$e01-jul-2018$fGBP34.00$g0$hP$5Uk
=EST  \\$a1
=FFP  \\$aY$bBLDSS-3PM
=FIN  \\$aY$d20150310
=MNI  \\$a1872-8855
=SID  \\$aZ39$bOCLC
=TCO  \\$aNLD$bSTICHTING REPRORECHT$c008
=TOC  \\$aETOC
=UNO  \\$aY
=ACF  \\$aPrevious copyright fee: GBP21.25$c13\1$e01-jan-2009$fGBP21.25$g0$hP$5Uk
=ACF  \\$aPrevious Copyright Fee: GBP16.75$c13\1$e03-may-2007$fGBP16.75$g0$hP$5Uk
=ACF  \\$aPrevious copyright fee: GBP22.00$c13\1$e01-apr-2009$fGBP22.00$g0$hP$5Uk
=ACF  \\$aPrevious copyright fee: GBP22.00$c13\1$e12-aug-2012$fGBP22.00$g0$hP$5Uk
=ACF  \\$aPrevious copyright fee: GBP25.00$c13\1$e01-jan-2013$fGBP25.00$g0$hP$5Uk
=ACF  \\$aPrevious copyright fee: GBP25.77$c13\1$e01-jul-2013$fGBP25.77$g0$hP$5Uk
=ACF  \\$aPrevious copyright fee: GBP24.97$c13\1$e01-jan-2014$fGBP24.97$g0$hP$5Uk
=ACF  \\$aPrevious copyright fee: GBP24.21$c13\1$e01-jul-2014$fGBP24.21$g0$hP$5Uk
=ACF  \\$aPrevious copyright fee: GBP25.77$c13\1$e01-apr-2015$fGBP25.77$g0$hP$5Uk
=ACF  \\$aPrevious copyright fee: GBP26.63$c13\1$e01-jul-2015$fGBP26.63$g0$hP$5Uk
=ACF  \\$aPrevious copyright fee: GBP25.77$c13\1$e01-oct-2015$fGBP25.77$g0$hP$5Uk
=ACF  \\$aPrevious copyright fee: GBP27.55$c13\1$e01-apr-2016$fGBP27.55$g0$hP$5Uk
=ACF  \\$aPrevious copyright fee: GBP29.59$c13\1$e01-oct-2016$fGBP29.59$g0$hP$5Uk
=ACF  \\$aPrevious copyright fee: GBP31.96$c13\1$e01-apr-2017$fGBP31.96$g0$hP$5Uk
=ACF  \\$aPrevious copyright fee: GBP30.73$c13\1$e01-oct-2017$fGBP30.73$g0$hP$5Uk
=ACF  \\$aPrevious copyright fee: GBP28.54$c13\1$e01-apr-2018$fGBP28.54$g0$hP$5Uk
=LAS  \\$a5410$b40$c20230313$lBLL01$h1332

