=LDR  05243cas a2201153 i 4500
=001  013738166
=003  Uk
=005  20230313132915.0
=006  m\\\\\\\\d\\\\\\\\
=007  cr\|||||||||||
=008  070503c20069999it\qr\p\s\\\\\0\\\a0eng\\
=FMT  \\$a  SE
=022  \\$a1970-9366
=040  \\$aUk$beng$cUk$erda
=042  \\$aukblsr
=082  04$a610$223
=210  0\$aIntern. emerg. medicine$b(Online)
=222  \0$aInternal and emergency medicine$b(Online)
=245  00$aInternal and emergency medicine.
=260  \\$aRome :$bCEPI-AIM Group,$c2006-
=264  31$aMilan :$bSpringer Milan
=310  \\$aBimonthly,$b2009-
=321  \\$aQuarterly,$b2006-2008
=336  \\$atext$2rdacontent
=337  \\$acomputer$2rdamedia
=338  \\$aonline resource$2rdacarrier
=362  1\$aPrint began with vol. 1, no. 1 (2006).
=588  \\$aDescription based on print version record.
=588  \\$aLatest issue consulted: volume 8, issue 7 (October 2013) (SpringerLink, viewed November 1, 2013).
=550  \\$aOfficial journal of the Italian Society of Internal Medicine.
=540  \\$aCurrent copyright fee: GBP34.95$c22\1$5Uk
=650  \0$aInternal medicine$zItaly$vPeriodicals.
=650  \0$aEmergency medicine$zItaly$vPeriodicals.
=650  \0$aInternal medicine$vPeriodicals.
=650  \0$aEmergency medicine$vPeriodicals.
=710  2\$aSocietà italiana di medicina interna,$eissuing body.
=776  08$iAlso issued in print as:$tInternal and emergency medicine$x1828-0447
=780  00$tAnnali italiani di medicina interna
=856  \\$31850-9999$uhttp://www.springer.com/gb/$xBLDSS
=856  40$uhttp://link.springer.com/journal/11739
=859  \\$aXLD$bejournal
=852  41$aBritish Library$bDSC$j4534.676200$3Volume 2:Issue 1(2007)-Volume 13:Issue 2(2018)***See ESTAR for full holdings.
=945  \\$aInternal and emergency medicine.
=959  \\$fHeld but not currently received
=979  \\$aBritish Library$bDSC$j4534.678200
=CAT  \\$a7174$b40$c20070503$lBLL01$h1348
=CAT  \\$aBATCH-UPD$b00$c20150520$lBLL01$h1755
=CAT  \\$aIPL-CLA$c20150630$lBLL01$h1655
=CAT  \\$aBATCH-UPD$b00$c20150820$lBLL01$h1842
=CAT  \\$aIPL-CLA$c20150930$lBLL01$h1817
=CAT  \\$aBATCH-UPD$b00$c20160217$lBLL01$h1733
=CAT  \\$aIPL-CLA$c20160331$lBLL01$h1740
=CAT  \\$aBATCH-UPD$b00$c20160524$lBLL01$h2211
=CAT  \\$aBATCH-UPD$b00$c20160525$lBLL01$h0027
=CAT  \\$aBATCH-UPD$b00$c20160824$lBLL01$h1800
=CAT  \\$aIPL-CLA$c20160930$lBLL01$h1612
=CAT  \\$aBATCH-UPD$b00$c20170216$lBLL01$h1849
=CAT  \\$aIPL-CLA$c20170331$lBLL01$h1852
=CAT  \\$aBATCH-UPD$b00$c20170904$lBLL01$h1858
=CAT  \\$aIPL-CLA$c20170929$lBLL01$h1737
=CAT  \\$aBATCH-UPD$b00$c20180223$lBLL01$h1731
=CAT  \\$aIPL-CLA$c20180331$lBLL01$h1628
=CAT  \\$aW1805-0475$c20180520$lBLL01$h1632
=CAT  \\$aBATCH-UPD$b00$c20180524$lBLL01$h1718
=CAT  \\$aIPL-CLA$c20180630$lBLL01$h1921
=CAT  \\$aW1908-0780$b00$c20200730$lBLL01$h1330
=CAT  \\$a5552$b40$c20210813$lBLL01$h1138
=CAT  \\$aIPL-CLA$c20210930$lBLL01$h1528
=CAT  \\$aCDS21$c20220118$lBLL01$h1105
=CAT  \\$aBATCH-UPD$b00$c20221121$lBLL01$h1411
=CAT  \\$aIPL-CLA$c20221231$lBLL01$h1448
=CAT  \\$a5410$b40$c20230313$lBLL01$h1329
=CFI  0\$aCurrent copyright fee: GBP34.95$c22\1$e01-jan-2023$fGBP34.95$g0$hP$5Uk
=CFI  2\$aPrevious copyright fee: GBP43.00$c22\1$e01-oct-2021$fGBP43.00$g0$hP$5Uk
=EST  \\$a1
=FFP  \\$aY$bBLDSS-3PM
=FIN  \\$aY$d20131101
=LKR  \\$aPAR$b013635627$lBLL01$nInternal and emergency medicine (Print)$mInternal and emergency medicine (Online)$r776
=MNI  \\$a1828-0447
=TCO  \\$aITA$bAIDRO / SIAE$c008
=TOC  \\$aETOC
=UNO  \\$aY
=ACF  \\$aPrevious Copyright Fee: GBP16.75$c22\6$e03-may-2007$fGBP16.75$g0$hP$5Uk
=ACF  \\$aPrevious copyright fee: GBP22.00$c22\6$e18-mar-2009$fGBP22.00$g0$hP$5Uk
=ACF  \\$aPrevious copyright fee: GBP22.00$c22\6$e12-aug-2012$fGBP22.00$g0$hP$5Uk
=ACF  \\$aPrevious copyright fee: GBP25.00$c22\6$e01-jan-2013$fGBP25.00$g0$hP$5Uk
=ACF  \\$aPrevious copyright fee: GBP25.77$c22\6$e01-jul-2013$fGBP25.77$g0$hP$5Uk
=ACF  \\$aPrevious copyright fee: GBP24.97$c22\6$e01-jan-2014$fGBP24.97$g0$hP$5Uk
=ACF  \\$aPrevious copyright fee: GBP24.21$c22\6$e01-jul-2014$fGBP24.21$g0$hP$5Uk
=ACF  \\$aPrevious copyright fee: GBP25.77$c22\6$e01-apr-2015$fGBP25.77$g0$hP$5Uk
=ACF  \\$aPrevious copyright fee: GBP26.63$c22\6$e01-jul-2015$fGBP26.63$g0$hP$5Uk
=ACF  \\$aPrevious copyright fee: GBP25.77$c22\6$e01-oct-2015$fGBP25.77$g0$hP$5Uk
=ACF  \\$aPrevious copyright fee: GBP27.55$c22\6$e01-apr-2016$fGBP27.55$g0$hP$5Uk
=ACF  \\$aPrevious copyright fee: GBP29.59$c22\6$e01-oct-2016$fGBP29.59$g0$hP$5Uk
=ACF  \\$aPrevious copyright fee: GBP31.96$c22\6$e01-apr-2017$fGBP31.96$g0$hP$5Uk
=ACF  \\$aPrevious copyright fee: GBP30.73$c22\6$e01-oct-2017$fGBP30.73$g0$hP$5Uk
=ACF  \\$aPrevious copyright fee: GBP28.54$c22\6$e01-apr-2018$fGBP28.54$g0$hP$5Uk
=ACF  \\$aPrevious copyright fee: GBP34.00$c22\1$e01-jul-2018$fGBP34.00$g0$hP$5Uk
=LAS  \\$a5410$b40$c20230313$lBLL01$h1329

