=LDR  05848cas a2201273 a 4500
=001  013747843
=003  Uk
=005  20230314142353.0
=006  m\\\\\o\\u\\\\\\\\
=007  cr\|||||||||||
=008  020514c20019999ne\qx\p\o\\\\\0\\\a0eng\d
=FMT  \\$a  SE
=010  \\$a  2002248269
=022  \\$a1569-7274
=035  \\$a(OCoLC)247106436$z(OCoLC)607850697
=040  \\$aNz$beng$cZ5A$dOCLCQ$dOCLCE$dOCLCQ$dOCLCO$dUk
=042  \\$aukblsr
=050  00$aB1$b.D26
=082  04$a181.11$223
=130  0\$aDao (Online)
=210  0\$aDao$b(Dordrecht. Online)
=222  \0$aDao$b(Dordrecht. Online)
=245  10$aDao$h[electronic resource] :$ba journal of comparative philosophy.
=246  30$aJournal of comparative philosophy
=260  \\$aBinghamton, NY :$bGlobal Publications, Binghamton University, State University of New York,$cc2001-
=264  31$aDordrecht :$bSpringer Netherlands
=310  \\$aQuarterly,$b2007-
=321  \\$aSemiannual,$b2001-2006
=336  \\$atext$2rdacontent
=337  \\$acomputer$2rdamedia
=338  \\$aonline resource$2rdacarrier
=362  0\$aVol. 1, no. 1 (winter 2001)-
=500  \\$aTitle from cover.
=516  \\$aText (electronic journal).
=530  \\$aAlso issued in print.
=550  \\$aOfficial publication of: Association of Chinese Philosophers in America.
=550  \\$aFrom <2015->, sponsored by the Association of Chinese Philosophers in America and the Department of Philosophy, the Chinese University of Hong Kong and supported by the Institute for the Advanced Studies of Humanities of the National Taiwan University.
=588  \\$aLatest issue consulted: volume 14, issue 3 (September 2015) (SpringerLink, viewed October 22, 2015).
=540  \\$aCurrent copyright fee: GBP29.95$c22\1$5Uk
=650  \0$aPhilosophy, Comparative$vPeriodicals.
=650  \0$aPhilosophy, Chinese$vPeriodicals.
=650  \6$aPhilosophie comparée$vPériodiques.
=710  2\$aAssociation of Chinese Philosophers in America.
=710  2\$aChinese University of Hong Kong.$bDepartment of Philosophy.
=710  2\$aGuo li Taiwan da xue.$bRen wen she hui gao deng yan jiu yuan.
=776  1\$tDao$x1540-3009
=856  \\$31850-9999$uhttp://www.springer.com/gb/$xBLDSS
=856  40$uhttp://link.springer.com/journal/11712
=859  \\$aXLD$bejournal
=852  41$aBritish Library$bDSC$j3533.185500$3Volume 6:Issue 1(2007)-Volume 17:Issue 1(2018)***See ESTAR for full holdings.
=945  \\$aDao
=959  \\$fHeld but not currently received
=979  \\$aBritish Library$bDSC$j3533.185500
=CAT  \\$a8288$b40$c20070516$lBLL01$h1542
=CAT  \\$aIPL-CLA$c20150331$lBLL01$h1649
=CAT  \\$aBATCH-UPD$b00$c20150520$lBLL01$h1702
=CAT  \\$aIPL-CLA$c20150630$lBLL01$h1655
=CAT  \\$aBATCH-UPD$b00$c20150820$lBLL01$h1752
=CAT  \\$aIPL-CLA$c20150930$lBLL01$h1817
=CAT  \\$a11316$b40$c20151022$lBLL01$h1147
=CAT  \\$aBATCH-UPD$b40$c20160217$lBLL01$h1638
=CAT  \\$aIPL-CLA$c20160331$lBLL01$h1740
=CAT  \\$aBATCH-UPD$b00$c20160520$lBLL01$h0850
=CAT  \\$aBATCH-UPD$b00$c20160524$lBLL01$h2157
=CAT  \\$aBATCH-UPD$b00$c20160824$lBLL01$h1715
=CAT  \\$aIPL-CLA$c20160930$lBLL01$h1612
=CAT  \\$aBATCH-UPD$b00$c20170216$lBLL01$h1802
=CAT  \\$aIPL-CLA$c20170331$lBLL01$h1852
=CAT  \\$aBATCH-UPD$b00$c20170904$lBLL01$h1804
=CAT  \\$aIPL-CLA$c20170929$lBLL01$h1737
=CAT  \\$aBATCH-UPD$b00$c20180223$lBLL01$h1620
=CAT  \\$aIPL-CLA$c20180331$lBLL01$h1629
=CAT  \\$aW1805-0475$c20180520$lBLL01$h1632
=CAT  \\$aBATCH-UPD$b00$c20180524$lBLL01$h1653
=CAT  \\$aIPL-CLA$c20180630$lBLL01$h1921
=CAT  \\$aW1908-0780$b00$c20200730$lBLL01$h1331
=CAT  \\$aCDS21$c20220118$lBLL01$h1105
=CAT  \\$aBATCH-UPD$b00$c20221121$lBLL01$h1401
=CAT  \\$aIPL-CLA$c20221231$lBLL01$h1448
=CAT  \\$a5410$b40$c20230314$lBLL01$h1423
=CFI  0\$aCurrent copyright fee: GBP29.95$c22\1$e01-jan-2023$fGBP29.95$g0$hP$5Uk
=CFI  2\$aPrevious copyright fee: GBP34.00$c22\1$e01-jul-2018$fGBP34.00$g0$hP$5Uk
=EST  \\$a1
=FFP  \\$aY$bBLDSS-3PM
=FIN  \\$aY$d20151022
=LKR  \\$aPAR$b005441555$lBLL01$r776$mDao (Online)$nDao (Print).
=MNI  \\$a1540-3009
=SID  \\$aZ39$bOCLC
=TCO  \\$aNLD$bSTICHTING REPRORECHT$c008
=TCO  \\$aTRS$bCCC$c008
=TOC  \\$aETOC
=UNO  \\$aY
=ACF  \\$aPrevious copyright fee: GBP21.25$c13\1$e01-jan-2009$fGBP21.25$g0$hP$5Uk
=ACF  \\$aPrevious Copyright Fee: GBP16.75$c13\1$e16-may-2007$fGBP16.75$g0$hP$5Uk
=ACF  \\$aPrevious copyright fee: GBP22.00$c13\1$e01-apr-2009$fGBP22.00$g0$hP$5Uk
=ACF  \\$aPrevious copyright fee: GBP22.00$c13\1$e12-aug-2012$fGBP22.00$g0$hP$5Uk
=ACF  \\$aPrevious copyright fee: GBP25.00$c13\1$e01-jan-2013$fGBP25.00$g0$hP$5Uk
=ACF  \\$aPrevious copyright fee: GBP25.77$c13\1$e01-jul-2013$fGBP25.77$g0$hP$5Uk
=ACF  \\$aPrevious copyright fee: GBP24.97$c13\1$e01-jan-2014$fGBP24.97$g0$hP$5Uk
=ACF  \\$aPrevious copyright fee: GBP24.21$c13\1$e01-jul-2014$fGBP24.21$g0$hP$5Uk
=ACF  \\$aPrevious copyright fee: GBP25.77$c13\1$e01-apr-2015$fGBP25.77$g0$hP$5Uk
=ACF  \\$aPrevious copyright fee: GBP26.63$c13\1$e01-jul-2015$fGBP26.63$g0$hP$5Uk
=ACF  \\$aPrevious copyright fee: GBP25.77$c13\1$e01-oct-2015$fGBP25.77$g0$hP$5Uk
=ACF  \\$aPrevious copyright fee: GBP27.55$c13\1$e01-apr-2016$fGBP27.55$g0$hP$5Uk
=ACF  \\$aPrevious copyright fee: GBP29.59$c13\1$e01-oct-2016$fGBP29.59$g0$hP$5Uk
=ACF  \\$aPrevious copyright fee: GBP31.96$c13\1$e01-apr-2017$fGBP31.96$g0$hP$5Uk
=ACF  \\$aPrevious copyright fee: GBP30.73$c13\1$e01-oct-2017$fGBP30.73$g0$hP$5Uk
=ACF  \\$aPrevious copyright fee: GBP28.54$c13\1$e01-apr-2018$fGBP28.54$g0$hP$5Uk
=LAS  \\$a5410$b40$c20230314$lBLL01$h1423

