=LDR  05229cas a2201141 a 4500
=001  013759599
=003  Uk
=005  20230505105946.0
=006  m\\\\\o\\d\\\\\\\\
=007  cr\cn|||||||||
=008  010316c19999999paubr\pso\\\\\0\\\a0eng\c
=FMT  \\$a  SE
=010  \\$a2001212041
=022  0\$a1534-3189$l1092-8464$21
=035  \\$a(OCoLC)46466215
=040  \\$aNSD$beng$cNSD$dOCLCQ$dKSU$dOCLCQ$dSCB$dOCLCQ$dUk
=042  \\$ansdp$aukblsr
=050  14$aRC671$b.C87
=082  10$a616.1205$223
=130  0\$aCurrent treatment options in cardiovascular medicine (Online)
=210  0\$aCurr. treatm. opt. cardiovasc. med.$b(Online)
=222  \0$aCurrent treatment options in cardiovascular medicine$b(Online)
=245  10$aCurrent treatment options in cardiovascular medicine$h[electronic resource].
=260  \\$aPhiladelphia, PA :$bCurrent Science,$cc2001-
=310  \\$aBimonthly
=336  \\$atext$2rdacontent
=337  \\$acomputer$2rdamedia
=338  \\$aonline resource$2rdacarrier
=362  0\$aVol. 1, no. 1 (June 1999)-
=500  \\$aTitle from contents screen (viewed Mar. 16, 2001).
=530  \\$aAlso issued in print.
=538  \\$aMode of access: World Wide Web.
=540  \\$aCurrent copyright fee: GBP34.95$c22\1$5Uk
=650  \0$aCardiology$vPeriodicals.
=776  1\$tCurrent treatment options in cardiovascular medicine$x1092-8464
=856  \\$31850-9999$uhttp://www.springer.com/gb/$xBLDSS
=856  40$uhttp://www.treatment-options.com/cm
=859  \\$aXLD$bejournal
=852  41$aBritish Library$bDSC$j3504.936420$3Volume 1:Issue 1(1999)-Volume 20:Issue 3(2018)***See ESTAR for full holdings.
=945  \\$aCurrent treatment options in cardiovascular medicine
=959  \\$fHeld but not currently received
=979  \\$aBritish Library$bDSC$j3504.936420
=CAT  \\$a7174$b40$c20070604$lBLL01$h1104
=CAT  \\$aBATCH-UPD$b00$c20150520$lBLL01$h1712
=CAT  \\$aIPL-CLA$c20150630$lBLL01$h1655
=CAT  \\$aBATCH-UPD$b00$c20150820$lBLL01$h1800
=CAT  \\$aIPL-CLA$c20150930$lBLL01$h1817
=CAT  \\$aBATCH-UPD$b00$c20160217$lBLL01$h1648
=CAT  \\$aIPL-CLA$c20160331$lBLL01$h1740
=CAT  \\$aBATCH-UPD$b00$c20160519$lBLL01$h1044
=CAT  \\$aBATCH-UPD$b00$c20160524$lBLL01$h2157
=CAT  \\$aBATCH-UPD$b00$c20160824$lBLL01$h1726
=CAT  \\$aIPL-CLA$c20160930$lBLL01$h1613
=CAT  \\$aBATCH-UPD$b00$c20170216$lBLL01$h1813
=CAT  \\$aIPL-CLA$c20170331$lBLL01$h1852
=CAT  \\$aBATCH-UPD$b00$c20170904$lBLL01$h1816
=CAT  \\$aIPL-CLA$c20170929$lBLL01$h1737
=CAT  \\$aBATCH-UPD$b00$c20180223$lBLL01$h1633
=CAT  \\$aIPL-CLA$c20180331$lBLL01$h1629
=CAT  \\$aW1805-0475$c20180520$lBLL01$h1632
=CAT  \\$aBATCH-UPD$b00$c20180524$lBLL01$h1703
=CAT  \\$aIPL-CLA$c20180630$lBLL01$h1921
=CAT  \\$aW1908-0780$b00$c20200730$lBLL01$h1331
=CAT  \\$a5552$b40$c20210811$lBLL01$h0846
=CAT  \\$aIPL-CLA$c20210930$lBLL01$h1528
=CAT  \\$aCDS21$c20220118$lBLL01$h1105
=CAT  \\$aBATCH-UPD$b00$c20221121$lBLL01$h1411
=CAT  \\$aIPL-CLA$c20221231$lBLL01$h1448
=CAT  \\$a5410$b40$c20230505$lBLL01$h1059
=CFI  0\$aCurrent copyright fee: GBP34.95$c22\1$e01-jan-2023$fGBP34.95$g0$hP$5Uk
=CFI  2\$aPrevious copyright fee: GBP43.00$c22\1$e01-oct-2021$fGBP43.00$g0$hP$5Uk
=EST  \\$a1
=FFP  \\$aY$bBLDSS-3PM
=FIN  \\$aY$d20131030
=LKR  \\$aPAR$b007160757$lBLL01$r776$mCurrent treatment options in cardiovascular medicine (Online)$nCurrent treatment options in cardiovascular medicine (Print)
=MNI  \\$a1092-8464
=SID  \\$aZ39$bOCLC
=TCO  \\$aTRS$bCCC$c008
=TOC  \\$aETOC
=UNO  \\$aY
=ACF  \\$aPrevious copyright fee: GBP21.25$c13\8$e01-jan-2009$fGBP21.25$g0$hP$5Uk
=ACF  \\$aPrevious Copyright Fee: GBP16.75$c13\8$e04-jun-2007$fGBP16.75$g0$hP$5Uk
=ACF  \\$aPrevious copyright fee: GBP22.00$c13\8$e01-apr-2009$fGBP22.00$g0$hP$5Uk
=ACF  \\$aPrevious copyright fee: GBP22.00$c13\8$e12-aug-2012$fGBP22.00$g0$hP$5Uk
=ACF  \\$aPrevious copyright fee: GBP25.00$c13\8$e01-jan-2013$fGBP25.00$g0$hP$5Uk
=ACF  \\$aPrevious copyright fee: GBP25.77$c13\8$e01-jul-2013$fGBP25.77$g0$hP$5Uk
=ACF  \\$aPrevious copyright fee: GBP24.97$c13\8$e01-jan-2014$fGBP24.97$g0$hP$5Uk
=ACF  \\$aPrevious copyright fee: GBP24.21$c13\8$e01-jul-2014$fGBP24.21$g0$hP$5Uk
=ACF  \\$aPrevious copyright fee: GBP25.77$c13\8$e01-apr-2015$fGBP25.77$g0$hP$5Uk
=ACF  \\$aPrevious copyright fee: GBP26.63$c13\8$e01-jul-2015$fGBP26.63$g0$hP$5Uk
=ACF  \\$aPrevious copyright fee: GBP25.77$c13\8$e01-oct-2015$fGBP25.77$g0$hP$5Uk
=ACF  \\$aPrevious copyright fee: GBP27.55$c13\8$e01-apr-2016$fGBP27.55$g0$hP$5Uk
=ACF  \\$aPrevious copyright fee: GBP29.59$c13\8$e01-oct-2016$fGBP29.59$g0$hP$5Uk
=ACF  \\$aPrevious copyright fee: GBP31.96$c13\8$e01-apr-2017$fGBP31.96$g0$hP$5Uk
=ACF  \\$aPrevious copyright fee: GBP30.73$c13\8$e01-oct-2017$fGBP30.73$g0$hP$5Uk
=ACF  \\$aPrevious copyright fee: GBP28.54$c13\8$e01-apr-2018$fGBP28.54$g0$hP$5Uk
=ACF  \\$aPrevious copyright fee: GBP34.00$c22\1$e01-jul-2018$fGBP34.00$g0$hP$5Uk
=LAS  \\$a5410$b40$c20230505$lBLL01$h1059

