=LDR  05918cas a2201345 a 4500
=001  013759781
=003  Uk
=005  20230308115422.0
=006  m\\\\\o\\d\\\\\\\\
=007  cr\cnu||||||||
=008  040407c19879999ja\mr\pso\\\\\0\\\a0eng\c
=FMT  \\$a  SE
=010  \\$a2009247766
=016  7\$a8913398$2DNLM
=016  7\$aSR0064840$2DNLM
=016  7\$a2039738-0$2DE-600
=022  \\$a1864-6433$l0914-7187$y0914-7187
=030  \\$aANMEEX
=035  \\$a(OCoLC)54898532$z(OCoLC)123401505$z(OCoLC)243564332
=040  \\$aOUN$beng$cOUN$dCGU$dOCLCQ$dYUH$dOCL$dSYB$dPFM$dCUD$dOCLCQ$dHEBIS$dOCLCA$dOCLCQ$dUk
=042  \\$aukblsr
=050  14$aR895$b.A56
=060  00$aW1$bAN6157
=082  04$a616.07575$223
=130  0\$aAnnals of nuclear medicine (Online)
=222  \0$aAnnals of nuclear medicine$b(Internet)
=245  10$aAnnals of nuclear medicine$h[electronic resource].
=260  \\$aTokyo :$bJapanese Society of Nuclear Medicine
=264  31$a[Tokyo] :$bSpringer Japan
=310  \\$aTen issues yearly,$b2006-
=321  \\$aEight issues yearly,$b2002-2005
=321  \\$aBimonthly,$b<-2001>
=336  \\$atext$2rdacontent
=337  \\$acomputer$2rdamedia
=338  \\$aonline resource$2rdacarrier
=530  \\$aAlso issued in print.
=538  \\$aMode of access: World Wide Web.
=588  \\$aDescription based on Apr. 7, 2004 viewing.
=588  \\$aLatest issue consulted: volume 27, issue 8 (October 2013)(SpringerLink, viewed Oct. 30, 2013).
=540  \\$aCurrent copyright fee: GBP34.95$c22\1$5Uk
=650  \0$aNuclear medicine$vPeriodicals.
=650  \0$aRadioisotopes in medical diagnosis$vPeriodicals.
=650  \0$aRadiotherapy$vPeriodicals.
=650  \2$aDiagnostic Techniques, Radioisotope$vPeriodicals.
=650  \2$aRadioisotopes$vPeriodicals.
=650  \2$aRadiotherapy$vPeriodicals.
=650  17$aNucleaire geneeskunde.$2gtt
=655  \0$aElectronic journals.
=710  2\$aNihon Kakuigakkai.
=776  1\$tAnnals of nuclear medicine$x0914-7187
=856  \\$31850-9999$uhttp://www.springer.com/gb/$xBLDSS
=856  40$uhttp://bibpurl.oclc.org/web/6923
=856  40$uhttp://www.jsnm.org/paper2/index_anm_English.htm
=856  40$uhttp://www.springerlink.com/content/120732/
=859  \\$aXLD$bejournal
=852  41$aBritish Library$bDSC$j1043.175000$3Volume 18:Issue 3(2004)-Volume 32:Issue 3(2018)***See ESTAR for full holdings.
=945  \\$aAnnals of nuclear medicine.
=959  \\$fHeld but not currently received
=979  \\$aBritish Library$bDSC$j1043.175000
=CAT  \\$a7174$b40$c20070604$lBLL01$h1320
=CAT  \\$aBATCH-UPD$b00$c20150520$lBLL01$h1805
=CAT  \\$aIPL-CLA$c20150630$lBLL01$h1655
=CAT  \\$aBATCH-UPD$b00$c20150820$lBLL01$h1851
=CAT  \\$aIPL-CLA$c20150930$lBLL01$h1817
=CAT  \\$aBATCH-UPD$b00$c20160217$lBLL01$h1743
=CAT  \\$aIPL-CLA$c20160331$lBLL01$h1740
=CAT  \\$aBATCH-UPD$b00$c20160524$lBLL01$h2211
=CAT  \\$aBATCH-UPD$b00$c20160525$lBLL01$h0027
=CAT  \\$aBATCH-UPD$b00$c20160824$lBLL01$h1810
=CAT  \\$aIPL-CLA$c20160930$lBLL01$h1613
=CAT  \\$aBATCH-UPD$b00$c20170216$lBLL01$h1859
=CAT  \\$aIPL-CLA$c20170331$lBLL01$h1852
=CAT  \\$aBATCH-UPD$b00$c20170904$lBLL01$h1909
=CAT  \\$aIPL-CLA$c20170929$lBLL01$h1737
=CAT  \\$aBATCH-UPD$b00$c20180223$lBLL01$h1742
=CAT  \\$aIPL-CLA$c20180331$lBLL01$h1629
=CAT  \\$aW1805-0475$c20180520$lBLL01$h1632
=CAT  \\$aBATCH-UPD$b00$c20180524$lBLL01$h1727
=CAT  \\$aIPL-CLA$c20180630$lBLL01$h1922
=CAT  \\$aW1908-0780$b00$c20200730$lBLL01$h1331
=CAT  \\$a5552$b40$c20210810$lBLL01$h0920
=CAT  \\$aIPL-CLA$c20210930$lBLL01$h1528
=CAT  \\$aCDS21$c20220118$lBLL01$h1105
=CAT  \\$aBATCH-UPD$b00$c20221121$lBLL01$h1411
=CAT  \\$aIPL-CLA$c20221231$lBLL01$h1448
=CAT  \\$a5410$b40$c20230308$lBLL01$h1154
=CFI  0\$aCurrent copyright fee: GBP34.95$c22\1$e01-jan-2023$fGBP34.95$g0$hP$5Uk
=CFI  2\$aPrevious copyright fee: GBP43.00$c22\1$e01-oct-2021$fGBP43.00$g0$hP$5Uk
=EST  \\$a1
=FFP  \\$aY$bBLDSS-3PM
=FIN  \\$aY$d20131030
=LKR  \\$aPAR$b010197800$lBLL01$r776$mAnnals of nuclear medicine (Online)$nAnnals of nuclear medicine (Print).
=MNI  \\$a0914-7187
=SID  \\$aZ39$bOCLC
=TCO  \\$aJPN$bJAACC$c008
=TOC  \\$aETOC
=UNO  \\$aY
=ACF  \\$aPrevious copyright fee: GBP21.25$c23\3$e01-jan-2009$fGBP21.25$g0$hP$5Uk
=ACF  \\$aPrevious Copyright Fee: GBP16.75$c23\3$e04-jun-2007$fGBP16.75$g0$hP$5Uk
=ACF  \\$aPrevious copyright fee: GBP22.00$c23\3$e01-apr-2009$fGBP22.00$g0$hP$5Uk
=ACF  \\$aPrevious copyright fee: GBP22.00$c23\3$e12-aug-2012$fGBP22.00$g0$hP$5Uk
=ACF  \\$aPrevious copyright fee: GBP25.00$c23\3$e01-jan-2013$fGBP25.00$g0$hP$5Uk
=ACF  \\$aPrevious copyright fee: GBP25.77$c23\3$e01-jul-2013$fGBP25.77$g0$hP$5Uk
=ACF  \\$aPrevious copyright fee: GBP24.97$c23\3$e01-jan-2014$fGBP24.97$g0$hP$5Uk
=ACF  \\$aPrevious copyright fee: GBP24.21$c23\3$e01-jul-2014$fGBP24.21$g0$hP$5Uk
=ACF  \\$aPrevious copyright fee: GBP25.77$c23\3$e01-apr-2015$fGBP25.77$g0$hP$5Uk
=ACF  \\$aPrevious copyright fee: GBP26.63$c23\3$e01-jul-2015$fGBP26.63$g0$hP$5Uk
=ACF  \\$aPrevious copyright fee: GBP25.77$c23\3$e01-oct-2015$fGBP25.77$g0$hP$5Uk
=ACF  \\$aPrevious copyright fee: GBP27.55$c23\3$e01-apr-2016$fGBP27.55$g0$hP$5Uk
=ACF  \\$aPrevious copyright fee: GBP29.59$c23\3$e01-oct-2016$fGBP29.59$g0$hP$5Uk
=ACF  \\$aPrevious copyright fee: GBP31.96$c23\3$e01-apr-2017$fGBP31.96$g0$hP$5Uk
=ACF  \\$aPrevious copyright fee: GBP30.73$c23\3$e01-oct-2017$fGBP30.73$g0$hP$5Uk
=ACF  \\$aPrevious copyright fee: GBP28.54$c23\3$e01-apr-2018$fGBP28.54$g0$hP$5Uk
=ACF  \\$aPrevious copyright fee: GBP34.00$c22\1$e01-jul-2018$fGBP34.00$g0$hP$5Uk
=LAS  \\$a5410$b40$c20230308$lBLL01$h1154

