=LDR  05627cas a2201213 a 4500
=001  013760594
=003  Uk
=005  20230507172922.0
=006  m\\\\\o\\d\\\\\\\\
=007  cr\cn|||||||||
=008  010406c20019999paubr\pso\\\\\0\\\a0eng\c
=FMT  \\$a  SE
=010  \\$a2001212012
=016  7\$a2094153-5$2DE-600
=022  0\$a1534-6315$l1529-7322$21
=035  \\$a(OCoLC)46681220
=040  \\$aNSD$beng$cNSD$dNLM$dOCLCQ$dHEBIS$dTXA$dOCLCQ$dUk
=042  \\$ansdp$aukblsr
=050  14$aRC583$b.C867
=082  10$a616.97$223
=130  0\$aCurrent allergy and asthma reports (Online)
=210  0\$aCurr. allergy asthma rep.$b(Online)
=222  \0$aCurrent allergy and asthma reports$b(Online)
=245  10$aCurrent allergy and asthma reports$h[electronic resource].
=260  \\$a[Philadelphia, Pa.] :$bCurrent Science,$cc2001-
=264  31$a[United States] :$bSpringer US
=310  \\$aBimonthly
=336  \\$atext$2rdacontent
=337  \\$acomputer$2rdamedia
=338  \\$aonline resource$2rdacarrier
=362  1\$aBegan with: Vol. 1, no. 1 (Jan. 2001).
=538  \\$aMode of access: World Wide Web.
=580  \\$aOriginal print version of this title was preceded by an earlier title called: Current allergy reports.
=588  \\$aDescription based on: Vol. 1, no. 1 (Jan. 2001); title from issue table of contents (SpringerLink, viewed June 8, 2010).
=588  \\$aLatest issue consulted: volume 13, issue 5 (October 2013)(SpringerLink, viewed Oct. 30, 2013).
=540  \\$aCurrent copyright fee: GBP34.95$c22\1$5Uk
=650  \0$aAllergy$vPeriodicals.
=650  \0$aAsthma$vPeriodicals.
=776  08$iPrint version:$tCurrent allergy and asthma reports$x1529-7322
=856  \\$31850-9999$uhttp://www.springer.com/gb/$xBLDSS
=856  40$uhttp://link.springer.com/journal/11882
=856  40$uhttp://www.current-reports.com/crjrnlhome.cfm?JournalID=AL
=859  \\$aXLD$bejournal
=852  41$aBritish Library$bDSC$j3494.126400$3Volume 1:Issue 1(2001)-Volume 18:Issue 3(2018)***See ESTAR for full holdings.
=945  \\$aCurrent allergy and asthma reports.
=959  \\$fHeld but not currently received
=979  \\$aBritish Library$bDSC$j3494.126400
=CAT  \\$a7174$b40$c20070605$lBLL01$h1203
=CAT  \\$aBATCH-UPD$b00$c20150520$lBLL01$h1712
=CAT  \\$aIPL-CLA$c20150630$lBLL01$h1655
=CAT  \\$aBATCH-UPD$b00$c20150820$lBLL01$h1800
=CAT  \\$aIPL-CLA$c20150930$lBLL01$h1817
=CAT  \\$aBATCH-UPD$b00$c20160217$lBLL01$h1648
=CAT  \\$aIPL-CLA$c20160331$lBLL01$h1740
=CAT  \\$aBATCH-UPD$b00$c20160524$lBLL01$h2157
=CAT  \\$aBATCH-UPD$b00$c20160524$lBLL01$h2252
=CAT  \\$aBATCH-UPD$b00$c20160824$lBLL01$h1726
=CAT  \\$aIPL-CLA$c20160930$lBLL01$h1613
=CAT  \\$aBATCH-UPD$b00$c20170216$lBLL01$h1813
=CAT  \\$aIPL-CLA$c20170331$lBLL01$h1852
=CAT  \\$aBATCH-UPD$b00$c20170904$lBLL01$h1816
=CAT  \\$aIPL-CLA$c20170929$lBLL01$h1737
=CAT  \\$aBATCH-UPD$b00$c20180223$lBLL01$h1633
=CAT  \\$aIPL-CLA$c20180331$lBLL01$h1629
=CAT  \\$aW1805-0475$c20180520$lBLL01$h1632
=CAT  \\$aBATCH-UPD$b00$c20180524$lBLL01$h1703
=CAT  \\$aIPL-CLA$c20180630$lBLL01$h1922
=CAT  \\$aW1908-0780$b00$c20200730$lBLL01$h1331
=CAT  \\$a5552$b40$c20210811$lBLL01$h0707
=CAT  \\$aIPL-CLA$c20210930$lBLL01$h1528
=CAT  \\$aCDS21$c20220118$lBLL01$h1105
=CAT  \\$aBATCH-UPD$b00$c20221121$lBLL01$h1411
=CAT  \\$aIPL-CLA$c20221231$lBLL01$h1448
=CAT  \\$a5410$b40$c20230507$lBLL01$h1729
=CAT  \\$a5410$b40$c20230507$lBLL01$h1729
=CFI  0\$aCurrent copyright fee: GBP34.95$c22\1$e01-jan-2023$fGBP34.95$g0$hP$5Uk
=CFI  2\$aPrevious copyright fee: GBP43.00$c22\1$e01-oct-2021$fGBP43.00$g0$hP$5Uk
=EST  \\$a1
=FFP  \\$aY$bBLDSS-3PM
=FIN  \\$aY$d20131030
=LKR  \\$aPAR$b007159882$lBLL01$r776$mCurrent allergy and asthma reports (Online)$nCurrent allergy and asthma reports (Print)
=MNI  \\$a1529-7322
=SID  \\$aZ39$bOCLC
=TCO  \\$aTRS$bCCC$c008
=TOC  \\$aETOC
=UNO  \\$aY
=ACF  \\$aPrevious copyright fee: GBP21.25$c13\8$e01-jan-2009$fGBP21.25$g0$hP$5Uk
=ACF  \\$aPrevious Copyright Fee: GBP16.75$c13\8$e05-jun-2007$fGBP16.75$g0$hP$5Uk
=ACF  \\$aPrevious copyright fee: GBP22.00$c13\8$e01-apr-2009$fGBP22.00$g0$hP$5Uk
=ACF  \\$aPrevious copyright fee: GBP22.00$c13\8$e12-aug-2012$fGBP22.00$g0$hP$5Uk
=ACF  \\$aPrevious copyright fee: GBP25.00$c13\8$e01-jan-2013$fGBP25.00$g0$hP$5Uk
=ACF  \\$aPrevious copyright fee: GBP25.77$c13\8$e01-jul-2013$fGBP25.77$g0$hP$5Uk
=ACF  \\$aPrevious copyright fee: GBP24.97$c13\8$e01-jan-2014$fGBP24.97$g0$hP$5Uk
=ACF  \\$aPrevious copyright fee: GBP24.21$c13\8$e01-jul-2014$fGBP24.21$g0$hP$5Uk
=ACF  \\$aPrevious copyright fee: GBP25.77$c13\8$e01-apr-2015$fGBP25.77$g0$hP$5Uk
=ACF  \\$aPrevious copyright fee: GBP26.63$c13\8$e01-jul-2015$fGBP26.63$g0$hP$5Uk
=ACF  \\$aPrevious copyright fee: GBP25.77$c13\8$e01-oct-2015$fGBP25.77$g0$hP$5Uk
=ACF  \\$aPrevious copyright fee: GBP27.55$c13\8$e01-apr-2016$fGBP27.55$g0$hP$5Uk
=ACF  \\$aPrevious copyright fee: GBP29.59$c13\8$e01-oct-2016$fGBP29.59$g0$hP$5Uk
=ACF  \\$aPrevious copyright fee: GBP31.96$c13\8$e01-apr-2017$fGBP31.96$g0$hP$5Uk
=ACF  \\$aPrevious copyright fee: GBP30.73$c13\8$e01-oct-2017$fGBP30.73$g0$hP$5Uk
=ACF  \\$aPrevious copyright fee: GBP28.54$c13\8$e01-apr-2018$fGBP28.54$g0$hP$5Uk
=ACF  \\$aPrevious copyright fee: GBP34.00$c22\1$e01-jul-2018$fGBP34.00$g0$hP$5Uk
=LAS  \\$a5410$b40$c20230507$lBLL01$h1729

