=LDR  05989cas a2201309 a 4500
=001  013760758
=003  Uk
=005  20230520114110.0
=006  m\\\\\o\\d\\\\\\\\
=007  cr\|||||||||||
=008  031002c20049999pauqr\pso\\\\\0\\\a0eng\c
=FMT  \\$a  SE
=010  \\$a  2003215978
=016  7\$a2177075-X$2DE-600
=016  7\$a101196487$2DNLM
=022  0\$a1546-9549$l1546-9530$21
=035  \\$a(OCoLC)53129493$z(OCoLC)524517229$z(OCoLC)740957311$z(OCoLC)858833749
=040  \\$aNSD$beng$cNSD$dOCLCQ$dNSD$dOCLCQ$dHEBIS$dEXW$dVRC$dOCLCQ$dOCLCF$dTXA$dVT2$dOCLCO$dCCO$dHUL$dUk
=042  \\$aukblsr
=050  10$aISSN RECORD
=050  14$aRC685.C53$bC88
=060  00$aW1$bCU788JAI
=082  04$a616.129$223
=130  0\$aCurrent heart failure reports (Online)
=222  \0$aCurrent heart failure reports$b(Online)
=245  10$aCurrent heart failure reports$h[electronic resource].
=246  17$aCurr. heart fail. rep.
=264  \1$32004-2006:$a[Philadelphia, PA] :$bCurrent Science,$cc2004-
=264  21$32007-2009:$a[Philadelphia, PA] :$bCurrent Medicine Group
=264  31$32010- :$a[Philadelphia, PA] :$bSpringer Science+Business Media
=310  \\$aQuarterly
=336  \\$atext$2rdacontent
=337  \\$acomputer$2rdamedia
=338  \\$aonline resource$2rdacarrier
=362  1\$aBegan with: Vol. 1, issue 1 (Apr. 2004).
=588  \\$aDescription based on: Vol. 1, issue 1 (Apr. 2004); title from journal homepage (Publisher's website, viewed Aug. 10, 2005).
=588  \\$aLatest issue consulted: Vol. 11, issue 3 (September 2014) (SpringerLink, viewed November 5, 2014).
=540  \\$aCurrent copyright fee: GBP34.95$c22\1$5Uk
=650  \0$aHeart failure$vPeriodicals.
=650  \0$aCongestive heart failure$vPeriodicals.
=650  \7$aCongestive heart failure.$2fast
=650  \7$aHeart failure.$2fast
=650  12$aHeart Failure$vPeriodicals.
=650  \6$aInsuffisance cardiaque$vPériodiques.
=655  \7$aPeriodicals.$2fast
=655  \0$aElectronic journals.
=655  \4$aComputer network resources.
=776  08$iPrint version:$tCurrent heart failure reports$x1546-9530
=856  \\$31850-9999$uhttp://www.springer.com/gb/$xBLDSS
=856  40$uhttp://link.springer.com/journal/volumesAndIssues/11897
=856  40$uhttp://www.current-reports.com
=859  \\$aXLD$bejournal
=852  41$aBritish Library$bDSC$j3497.330000$3Volume 1:Issue 2(2004)-Volume 15:Issue 2(2018)***See ESTAR for full holdings.
=945  \\$aCurrent heart failure reports
=959  \\$fHeld but not currently received
=979  \\$aBritish Library$bDSC$j3497.330000
=CAT  \\$a7174$b40$c20070605$lBLL01$h1408
=CAT  \\$aBATCH-UPD$b00$c20150520$lBLL01$h1713
=CAT  \\$aIPL-CLA$c20150630$lBLL01$h1655
=CAT  \\$aBATCH-UPD$b00$c20150820$lBLL01$h1801
=CAT  \\$aIPL-CLA$c20150930$lBLL01$h1817
=CAT  \\$aBATCH-UPD$b00$c20160217$lBLL01$h1649
=CAT  \\$aIPL-CLA$c20160331$lBLL01$h1740
=CAT  \\$aBATCH-UPD$b00$c20160524$lBLL01$h2157
=CAT  \\$aBATCH-UPD$b00$c20160524$lBLL01$h2252
=CAT  \\$aBATCH-UPD$b00$c20160824$lBLL01$h1727
=CAT  \\$aIPL-CLA$c20160930$lBLL01$h1613
=CAT  \\$aBATCH-UPD$b00$c20170216$lBLL01$h1814
=CAT  \\$aIPL-CLA$c20170331$lBLL01$h1852
=CAT  \\$aBATCH-UPD$b00$c20170904$lBLL01$h1817
=CAT  \\$aIPL-CLA$c20170929$lBLL01$h1737
=CAT  \\$aBATCH-UPD$b00$c20180223$lBLL01$h1634
=CAT  \\$aIPL-CLA$c20180331$lBLL01$h1629
=CAT  \\$aW1805-0475$c20180520$lBLL01$h1632
=CAT  \\$aBATCH-UPD$b00$c20180524$lBLL01$h1704
=CAT  \\$aIPL-CLA$c20180630$lBLL01$h1922
=CAT  \\$aW1908-0780$b00$c20200730$lBLL01$h1331
=CAT  \\$a5552$b40$c20210811$lBLL01$h0753
=CAT  \\$aIPL-CLA$c20210930$lBLL01$h1528
=CAT  \\$aCDS21$c20220118$lBLL01$h1105
=CAT  \\$aBATCH-UPD$b00$c20221121$lBLL01$h1411
=CAT  \\$aIPL-CLA$c20221231$lBLL01$h1448
=CAT  \\$a5410$b40$c20230520$lBLL01$h1141
=CFI  0\$aCurrent copyright fee: GBP34.95$c22\1$e01-jan-2023$fGBP34.95$g0$hP$5Uk
=CFI  2\$aPrevious copyright fee: GBP43.00$c22\1$e01-oct-2021$fGBP43.00$g0$hP$5Uk
=EST  \\$a1
=FFP  \\$aY$bBLDSS-3PM
=FIN  \\$aY$d20141105
=LKR  \\$aPAR$b013213441$lBLL01$r776$mCurrent heart failure reports (Online)$nCurrent heart failure reports (Print)
=MNI  \\$a1546-9530
=SID  \\$aZ39$bOCLC
=TCO  \\$aTRS$bCCC$c008
=TOC  \\$aETOC
=UNO  \\$aY
=ACF  \\$aPrevious copyright fee: GBP21.25$c13\9$e01-jan-2009$fGBP21.25$g0$hP$5Uk
=ACF  \\$aPrevious Copyright Fee: GBP16.75$c13\9$e05-jun-2007$fGBP16.75$g0$hP$5Uk
=ACF  \\$aPrevious copyright fee: GBP22.00$c13\9$e01-apr-2009$fGBP22.00$g0$hP$5Uk
=ACF  \\$aPrevious copyright fee: GBP22.00$c13\9$e12-aug-2012$fGBP22.00$g0$hP$5Uk
=ACF  \\$aPrevious copyright fee: GBP25.00$c13\9$e01-jan-2013$fGBP25.00$g0$hP$5Uk
=ACF  \\$aPrevious copyright fee: GBP25.77$c13\9$e01-jul-2013$fGBP25.77$g0$hP$5Uk
=ACF  \\$aPrevious copyright fee: GBP24.97$c13\9$e01-jan-2014$fGBP24.97$g0$hP$5Uk
=ACF  \\$aPrevious copyright fee: GBP24.21$c13\9$e01-jul-2014$fGBP24.21$g0$hP$5Uk
=ACF  \\$aPrevious copyright fee: GBP25.77$c13\9$e01-apr-2015$fGBP25.77$g0$hP$5Uk
=ACF  \\$aPrevious copyright fee: GBP26.63$c13\9$e01-jul-2015$fGBP26.63$g0$hP$5Uk
=ACF  \\$aPrevious copyright fee: GBP25.77$c13\9$e01-oct-2015$fGBP25.77$g0$hP$5Uk
=ACF  \\$aPrevious copyright fee: GBP27.55$c13\9$e01-apr-2016$fGBP27.55$g0$hP$5Uk
=ACF  \\$aPrevious copyright fee: GBP29.59$c13\9$e01-oct-2016$fGBP29.59$g0$hP$5Uk
=ACF  \\$aPrevious copyright fee: GBP31.96$c13\9$e01-apr-2017$fGBP31.96$g0$hP$5Uk
=ACF  \\$aPrevious copyright fee: GBP30.73$c13\9$e01-oct-2017$fGBP30.73$g0$hP$5Uk
=ACF  \\$aPrevious copyright fee: GBP28.54$c13\9$e01-apr-2018$fGBP28.54$g0$hP$5Uk
=ACF  \\$aPrevious copyright fee: GBP34.00$c22\1$e01-jul-2018$fGBP34.00$g0$hP$5Uk
=LAS  \\$a5410$b40$c20230520$lBLL01$h1141

