=LDR  05136cas a2201153 a 4500
=001  013765505
=003  Uk
=005  20221231144835.0
=006  m\\\\\o\\d\\\\\\\\
=007  cr\|||||||||||
=008  080416d20052011au\qx\p\o\\\\\0\\\b0ger\c
=FMT  \\$a  SE
=010  \\$a  2013234851
=022  \\$a1864-581X
=035  \\$a(OCoLC)224479816
=040  \\$aKMK$beng$cKMK$dKMK$dViBlbV$dOCoLC$dMH$dUk
=041  0\$ager$beng
=042  \\$aukblsr
=050  14$aRC321$b.P897
=082  04$a616.89005$223
=210  1\$aPsychiatr. Psychother.$b(Internet)
=222  \0$aPsychiatrie und Psychotherapie$b(Internet)
=245  00$aPsychiatrie & Psychotherapie$h[electronic resource].
=246  1\$aPsychiatrie und Psychotherapie
=260  \\$aWien :$bSpringer,$cc2005-c2011.
=310  \\$aFour no. a year,$b2006-2011
=321  \\$aTwo no. a year,$b2005
=336  \\$atext$2rdacontent
=337  \\$acomputer$2rdamedia
=338  \\$aonline resource$2rdacarrier
=362  1\$aBegan with: Vol. 1, no. 1 (Nov. 2005); ceased with v. 7, no. 4 (Dec. 2011).
=538  \\$aMode of access: World Wide Web.
=546  \\$aText in German; summaries also in English.
=588  \\$aDescription based on: Vol. 1, no. 1 (Nov. 2005); title from PDF caption (SpringerLink, viewed Nov. 5, 2012).
=588  \\$aLatest issue consulted: volume 7, number 4 (December 2011) (Springer, viewed September 3, 2015).
=540  \\$aCurrent copyright fee: GBP29.95$c22\1$5Uk
=650  \0$aPsychiatry$vPeriodicals.
=650  \0$aPsychology$vPeriodicals.
=776  08$iPrint version:$tPsychiatrie und Psychotherapie$x1614-7189
=785  04$tNeuropsychiatrie$x2194-1327
=856  \\$31850-9999$uhttp://www.springer.com/gb/$xBLDSS
=856  40$uhttp://www.springerlink.com/content/120627
=859  \\$aXLD$bejournal
=852  41$aBritish Library$bDSC$j6946.256000$3Volume 1:Issue 1(2005)-Volume 7:Issue 4(2011)***See ESTAR for full holdings.
=945  \\$aPsychiatrie und psychotherapie
=959  \\$fHeld but not currently received
=CAT  \\$a7174$b40$c20070611$lBLL01$h1422
=CAT  \\$aIPL-CLA$c20150331$lBLL01$h1649
=CAT  \\$aBATCH-UPD$b00$c20150520$lBLL01$h1809
=CAT  \\$aIPL-CLA$c20150630$lBLL01$h1655
=CAT  \\$aBATCH-UPD$b00$c20150820$lBLL01$h1854
=CAT  \\$a11316$b40$c20150903$lBLL01$h0900
=CAT  \\$a11316$b40$c20150903$lBLL01$h0915
=CAT  \\$aIPL-CLA$c20150930$lBLL01$h1818
=CAT  \\$aBATCH-UPD$b00$c20160217$lBLL01$h1747
=CAT  \\$aIPL-CLA$c20160331$lBLL01$h1740
=CAT  \\$aBATCH-UPD$b00$c20160524$lBLL01$h2211
=CAT  \\$aBATCH-UPD$b00$c20160525$lBLL01$h0027
=CAT  \\$aBATCH-UPD$b00$c20160824$lBLL01$h1814
=CAT  \\$aIPL-CLA$c20160930$lBLL01$h1613
=CAT  \\$aBATCH-UPD$b00$c20170216$lBLL01$h1903
=CAT  \\$aIPL-CLA$c20170331$lBLL01$h1852
=CAT  \\$aBATCH-UPD$b00$c20170904$lBLL01$h1914
=CAT  \\$aIPL-CLA$c20170929$lBLL01$h1737
=CAT  \\$aBATCH-UPD$b00$c20180223$lBLL01$h1746
=CAT  \\$aIPL-CLA$c20180331$lBLL01$h1629
=CAT  \\$aBATCH-UPD$b00$c20180524$lBLL01$h1731
=CAT  \\$aIPL-CLA$c20180630$lBLL01$h1922
=CAT  \\$aW1908-0780$b00$c20200730$lBLL01$h1331
=CAT  \\$a6811$b40$c20200814$lBLL01$h1657
=CAT  \\$aBATCH-UPD$b40$c20221121$lBLL01$h1402
=CAT  \\$aIPL-CLA$c20221231$lBLL01$h1448
=CFI  0\$aCurrent copyright fee: GBP29.95$c22\1$e01-jan-2023$fGBP29.95$g0$hP$5Uk
=CFI  2\$aPrevious copyright fee: GBP34.00$c22\1$e01-jul-2018$fGBP34.00$g0$hP$5Uk
=EST  \\$a1
=FFP  \\$aY$bBLDSS-3PM
=FIN  \\$aY$d20150903
=MNI  \\$a1614-7189
=SRC  \\$aBLL02
=TCO  \\$aXXX$c008
=TOC  \\$aETOC
=UNO  \\$aY
=ACF  \\$aPrevious copyright fee: GBP21.25$c23\6$e01-jan-2009$fGBP21.25$g0$hP$5Uk
=ACF  \\$aPrevious Copyright Fee: GBP16.75$c23\6$e11-jun-2007$fGBP16.75$g0$hP$5Uk
=ACF  \\$aPrevious copyright fee: GBP22.00$c23\6$e01-apr-2009$fGBP22.00$g0$hP$5Uk
=ACF  \\$aPrevious copyright fee: GBP22.00$c23\6$e12-aug-2012$fGBP22.00$g0$hP$5Uk
=ACF  \\$aPrevious copyright fee: GBP25.00$c23\6$e01-jan-2013$fGBP25.00$g0$hP$5Uk
=ACF  \\$aPrevious copyright fee: GBP25.77$c23\6$e01-jul-2013$fGBP25.77$g0$hP$5Uk
=ACF  \\$aPrevious copyright fee: GBP24.97$c23\6$e01-jan-2014$fGBP24.97$g0$hP$5Uk
=ACF  \\$aPrevious copyright fee: GBP24.21$c23\6$e01-jul-2014$fGBP24.21$g0$hP$5Uk
=ACF  \\$aPrevious copyright fee: GBP25.77$c23\6$e01-apr-2015$fGBP25.77$g0$hP$5Uk
=ACF  \\$aPrevious copyright fee: GBP26.63$c23\6$e01-jul-2015$fGBP26.63$g0$hP$5Uk
=ACF  \\$aPrevious copyright fee: GBP25.77$c23\6$e01-oct-2015$fGBP25.77$g0$hP$5Uk
=ACF  \\$aPrevious copyright fee: GBP27.55$c23\6$e01-apr-2016$fGBP27.55$g0$hP$5Uk
=ACF  \\$aPrevious copyright fee: GBP29.59$c23\6$e01-oct-2016$fGBP29.59$g0$hP$5Uk
=ACF  \\$aPrevious copyright fee: GBP31.96$c23\6$e01-apr-2017$fGBP31.96$g0$hP$5Uk
=ACF  \\$aPrevious copyright fee: GBP30.73$c23\6$e01-oct-2017$fGBP30.73$g0$hP$5Uk
=ACF  \\$aPrevious copyright fee: GBP28.54$c23\6$e01-apr-2018$fGBP28.54$g0$hP$5Uk
=LAS  \\$aIPL-CLA$b00$c20221231$lBLL01$h1448

