=LDR  05201cas a2201201 a 4500
=001  013797161
=003  Uk
=005  20230319103434.0
=006  m\\\\\o\\d\\\\\\\\
=007  cr\|||||||||||
=008  061129c19659999nyuqr\pso\\\\\0\\\a0eng\c
=FMT  \\$a  SE
=010  \\$a  2006215111
=022  0\$a1934-9424
=035  \\$a(OCoLC)76818990
=040  \\$aNSDP$cNSDP$dNSDP$dOCoLC$dUk
=041  1\$aeng$hrus
=042  \\$aukblsr
=050  \4$aTJ810$b.G413
=082  04$a621.4705$223
=130  0\$aGeliotekhnika.$lEnglish.
=210  0\$aAppl. sol. energy$b(Online)
=222  \0$aApplied solar energy$b(Online)
=245  10$aApplied solar energy$h[electronic resource].
=264  \1$aNew York :$bAllerton Press
=264  \2$aHeidelberg :$bDistributed by Springer
=310  \\$aQuarterly
=336  \\$atext$2rdacontent
=337  \\$acomputer$2rdamedia
=338  \\$aonline resource$2rdacarrier
=362  1\$aPrint began in 1965.
=530  \\$aAlso issued in print.
=538  \\$aMode of access: World Wide Web.
=588  \\$aLatest issue consulted: volume 50, issue 4 (October 2014) (SpringerLink, viewed May 11, 2015).
=540  \\$aCurrent copyright fee: GBP29.95$c22\1$5Uk
=650  \0$aSolar energy$vPeriodicals.
=650  17$aZonne-energie.$2gtt
=765  0\$tGeliotekhnika
=776  1\$tGeliotekhnika. English. Applied solar energy$x0003-701X
=856  \\$31850-9999$uhttp://www.springer.com/gb/$xBLDSS
=856  40$uhttp://springerlink.com/content/1934-9424
=856  4\$uhttp://www.maik.ru/cgi-perl/journal.pl?lang=eng&name=appsolen
=859  \\$aXLD$bejournal
=852  41$aBritish Library$bDSC$j0404.755000$3Volume 43:Issue 1(2007)-Volume 53:Issue 4(2017)***See ESTAR for full holdings.
=945  \\$aApplied solar energy C/C of Geliotekhnika.
=959  \\$fHeld but not currently received
=979  \\$aBritish Library$bDSC$j0404.755000
=CAT  \\$a7174$b40$c20070719$lBLL01$h1222
=CAT  \\$aIPL-CLA$c20150331$lBLL01$h1650
=CAT  \\$a11316$b40$c20150511$lBLL01$h1221
=CAT  \\$aBATCH-UPD$b40$c20150520$lBLL01$h1711
=CAT  \\$aIPL-CLA$c20150630$lBLL01$h1655
=CAT  \\$aBATCH-UPD$b00$c20150820$lBLL01$h1759
=CAT  \\$aIPL-CLA$c20150930$lBLL01$h1818
=CAT  \\$aBATCH-UPD$b00$c20160217$lBLL01$h1647
=CAT  \\$aIPL-CLA$c20160331$lBLL01$h1741
=CAT  \\$aBATCH-UPD$b00$c20160524$lBLL01$h2157
=CAT  \\$aBATCH-UPD$b00$c20160524$lBLL01$h2253
=CAT  \\$aBATCH-UPD$b00$c20160824$lBLL01$h1725
=CAT  \\$aIPL-CLA$c20160930$lBLL01$h1613
=CAT  \\$aBATCH-UPD$b00$c20170216$lBLL01$h1812
=CAT  \\$aIPL-CLA$c20170331$lBLL01$h1853
=CAT  \\$aBATCH-UPD$b00$c20170904$lBLL01$h1814
=CAT  \\$aIPL-CLA$c20170929$lBLL01$h1738
=CAT  \\$aBATCH-UPD$b00$c20180223$lBLL01$h1631
=CAT  \\$aIPL-CLA$c20180331$lBLL01$h1629
=CAT  \\$aW1805-0475$c20180520$lBLL01$h1632
=CAT  \\$aBATCH-UPD$b00$c20180524$lBLL01$h1701
=CAT  \\$aIPL-CLA$c20180630$lBLL01$h1922
=CAT  \\$aW1908-0780$b00$c20200730$lBLL01$h1331
=CAT  \\$aCDS21$c20220118$lBLL01$h1105
=CAT  \\$aBATCH-UPD$b00$c20221121$lBLL01$h1402
=CAT  \\$aIPL-CLA$c20221231$lBLL01$h1448
=CAT  \\$a5410$b40$c20230319$lBLL01$h1034
=CFI  0\$aCurrent copyright fee: GBP29.95$c22\1$e01-jan-2023$fGBP29.95$g0$hP$5Uk
=CFI  2\$aPrevious copyright fee: GBP34.00$c22\1$e01-jul-2018$fGBP34.00$g0$hP$5Uk
=EST  \\$a1
=FFP  \\$aY$bBLDSS-3PM
=FIN  \\$aY$d20150511
=LET  \0$aApplied solar energy (Electronic)
=LKR  \\$aPAR$b009180635$lBLL01$r776$mApplied solar energy (Online)$nApplied solar energy (Print)
=MNI  \\$a0003-701X
=SRC  \\$aBLL02
=TCO  \\$aTRS$bCCC$c008
=TOC  \\$aETOC
=UNO  \\$aY
=ACF  \\$aPrevious copyright fee: GBP21.25$c13\7$e01-jan-2009$fGBP21.25$g0$hP$5Uk
=ACF  \\$aPrevious Copyright Fee: GBP16.75$c13\7$e19-jul-2007$fGBP16.75$g0$hP$5Uk
=ACF  \\$aPrevious copyright fee: GBP22.00$c13\7$e01-apr-2009$fGBP22.00$g0$hP$5Uk
=ACF  \\$aPrevious copyright fee: GBP22.00$c13\7$e12-aug-2012$fGBP22.00$g0$hP$5Uk
=ACF  \\$aPrevious copyright fee: GBP25.00$c13\7$e01-jan-2013$fGBP25.00$g0$hP$5Uk
=ACF  \\$aPrevious copyright fee: GBP25.77$c13\7$e01-jul-2013$fGBP25.77$g0$hP$5Uk
=ACF  \\$aPrevious copyright fee: GBP24.97$c13\7$e01-jan-2014$fGBP24.97$g0$hP$5Uk
=ACF  \\$aPrevious copyright fee: GBP24.21$c13\7$e01-jul-2014$fGBP24.21$g0$hP$5Uk
=ACF  \\$aPrevious copyright fee: GBP25.77$c13\7$e01-apr-2015$fGBP25.77$g0$hP$5Uk
=ACF  \\$aPrevious copyright fee: GBP26.63$c13\7$e01-jul-2015$fGBP26.63$g0$hP$5Uk
=ACF  \\$aPrevious copyright fee: GBP25.77$c13\7$e01-oct-2015$fGBP25.77$g0$hP$5Uk
=ACF  \\$aPrevious copyright fee: GBP27.55$c13\7$e01-apr-2016$fGBP27.55$g0$hP$5Uk
=ACF  \\$aPrevious copyright fee: GBP29.59$c13\7$e01-oct-2016$fGBP29.59$g0$hP$5Uk
=ACF  \\$aPrevious copyright fee: GBP31.96$c13\7$e01-apr-2017$fGBP31.96$g0$hP$5Uk
=ACF  \\$aPrevious copyright fee: GBP30.73$c13\7$e01-oct-2017$fGBP30.73$g0$hP$5Uk
=ACF  \\$aPrevious copyright fee: GBP28.54$c13\7$e01-apr-2018$fGBP28.54$g0$hP$5Uk
=LAS  \\$a5410$b40$c20230319$lBLL01$h1034

