=LDR  04992cas a2201093 a 4500
=001  015482911
=003  Uk
=005  20221231145017.0
=006  m\\\\\\\\d\\\\\\\\
=007  cr\|||||||||||
=008  081205c20069999au\br\p\s\\\\\0\\\b0ger\\
=FMT  \\$a  SE
=022  \\$a1613-7817$l1613-7817$m1434-6869
=035  \\$a(OCoLC)501273236
=040  \\$aAU@$beng$cAU@$dCIT$dUk
=050  \4$aRC31
=082  04$a616.005$222
=130  0\$aWiener klinisches Magazin (Online)
=210  1\$aWien. klin. Mag.$b(Internet)
=222  \0$aWiener klinisches Magazin$b(Internet)
=245  10$aWiener klinisches Magazin$h[electronic resource].
=260  \\$aWien ;$aNew York :$bSpringer
=310  \\$aBimonthly
=336  \\$atext$2rdacontent
=337  \\$acomputer$2rdamedia
=338  \\$aonline resource$2rdacarrier
=362  1\$aBegan in 2006.
=580  \\$a"Beilage zur Wiener klinischen Wochenschrift."
=500  \\$aDescription based on: v.12:no.1 (2009:Feb.) = 1/2009; title from journal home page (SpringerLink, Feb. 23, 2010).
=500  \\$aLatest issue consulted: v.12:no.6 (2009:Dec.) = 6/2009 (SpringerLink, Feb. 23, 2010).
=540  \\$aCurrent copyright fee: GBP34.95$c22\1$5Uk
=650  \0$aClinical medicine$vPeriodicals.
=772  1\$tWiener klinische Wochenschrift (Online)$x1613-7671
=776  0\$tWiener klinisches Magazin$x1869-1757
=856  \\$31850-9999$uhttp://www.springer.com/gb/$xBLDSS
=856  40$uhttp://www.springerlink.com/content/121434/
=859  \\$aXLD$bejournal
=852  41$aBritish Library$bDSC$j9315.860000$3Issue 5(2009)-Volume 17:Issue 6(2014)***See ESTAR for full holdings.
=945  \\$aWiener klinisches magazin
=959  \\$fHeld but not currently received
=CAT  \\$a8464$b40$c20100209$lBLL01$h1422
=CAT  \\$aBATCH-UPD$b00$c20150820$lBLL01$h1854
=CAT  \\$aIPL-CLA$c20150930$lBLL01$h1836
=CAT  \\$aBATCH-UPD$b00$c20160217$lBLL01$h1747
=CAT  \\$aIPL-CLA$c20160331$lBLL01$h1758
=CAT  \\$aBATCH-UPD$b00$c20160524$lBLL01$h2213
=CAT  \\$aBATCH-UPD$b00$c20160525$lBLL01$h0045
=CAT  \\$aBATCH-UPD$b00$c20160824$lBLL01$h1814
=CAT  \\$aIPL-CLA$c20160930$lBLL01$h1628
=CAT  \\$aBATCH-UPD$b00$c20170216$lBLL01$h1903
=CAT  \\$aIPL-CLA$c20170331$lBLL01$h1905
=CAT  \\$aBATCH-UPD$b00$c20170904$lBLL01$h1914
=CAT  \\$aIPL-CLA$c20170929$lBLL01$h1751
=CAT  \\$aBATCH-UPD$b00$c20180223$lBLL01$h1746
=CAT  \\$aIPL-CLA$c20180331$lBLL01$h1647
=CAT  \\$aBATCH-UPD$b00$c20180524$lBLL01$h1731
=CAT  \\$aIPL-CLA$c20180630$lBLL01$h1930
=CAT  \\$a5410$b40$c20200129$lBLL01$h0851
=CAT  \\$aW1908-0780$b00$c20200730$lBLL01$h1332
=CAT  \\$a5552$b40$c20200814$lBLL01$h1131
=CAT  \\$a5410$b40$c20210423$lBLL01$h2133
=CAT  \\$a5552$b40$c20210824$lBLL01$h1100
=CAT  \\$aIPL-CLA$c20210930$lBLL01$h1528
=CAT  \\$aCDS21$c20220118$lBLL01$h1105
=CAT  \\$aBATCH-UPD$b00$c20221121$lBLL01$h1412
=CAT  \\$aIPL-CLA$c20221231$lBLL01$h1450
=CFI  0\$aCurrent copyright fee: GBP34.95$c22\1$e01-jan-2023$fGBP34.95$g0$hP$5Uk
=CFI  2\$aPrevious copyright fee: GBP43.00$c22\1$e01-oct-2021$fGBP43.00$g0$hP$5Uk
=EST  \\$a1
=FFP  \\$aY$bBLDSS-3PM
=FIN  \\$aY$d20100309
=LKR  \\$aPAR$b013101538$lBLL01$nWiener klinische Wochenschrift$mWiener klinisches Magazin$r772
=LKR  \\$aPAR$b013594202$lBLL01$r776$mWiener klinisches Magazin (Internet)$nWiener klinisches magazin : Beilage zur Wiener Klinischen Wochenschrift.
=MNI  \\$a1869-1757
=SID  \\$aZ39$bOCLC
=TCO  \\$aXXX$c008
=TOC  \\$aETOC
=UNO  \\$aY
=ACF  \\$aPrevious copyright fee: GBP22.00$c23\6$e09-feb-2010$fGBP22.00$g0$hP$5Uk
=ACF  \\$aPrevious copyright fee: GBP22.00$c23\6$e12-aug-2012$fGBP22.00$g0$hP$5Uk
=ACF  \\$aPrevious copyright fee: GBP25.00$c23\6$e01-jan-2013$fGBP25.00$g0$hP$5Uk
=ACF  \\$aPrevious copyright fee: GBP25.77$c23\6$e01-jul-2013$fGBP25.77$g0$hP$5Uk
=ACF  \\$aPrevious copyright fee: GBP24.97$c23\6$e01-jan-2014$fGBP24.97$g0$hP$5Uk
=ACF  \\$aPrevious copyright fee: GBP24.21$c23\6$e01-jul-2014$fGBP24.21$g0$hP$5Uk
=ACF  \\$aPrevious copyright fee: GBP25.77$c23\6$e01-apr-2015$fGBP25.77$g0$hP$5Uk
=ACF  \\$aPrevious copyright fee: GBP26.63$c23\6$e01-jul-2015$fGBP26.63$g0$hP$5Uk
=ACF  \\$aPrevious copyright fee: GBP25.77$c23\6$e01-oct-2015$fGBP25.77$g0$hP$5Uk
=ACF  \\$aPrevious copyright fee: GBP27.55$c23\6$e01-apr-2016$fGBP27.55$g0$hP$5Uk
=ACF  \\$aPrevious copyright fee: GBP29.59$c23\6$e01-oct-2016$fGBP29.59$g0$hP$5Uk
=ACF  \\$aPrevious copyright fee: GBP31.96$c23\6$e01-apr-2017$fGBP31.96$g0$hP$5Uk
=ACF  \\$aPrevious copyright fee: GBP30.73$c23\6$e01-oct-2017$fGBP30.73$g0$hP$5Uk
=ACF  \\$aPrevious copyright fee: GBP28.54$c23\6$e01-apr-2018$fGBP28.54$g0$hP$5Uk
=ACF  \\$aPrevious copyright fee: GBP34.00$c22\1$e01-jul-2018$fGBP34.00$g0$hP$5Uk
=LAS  \\$aIPL-CLA$b00$c20221231$lBLL01$h1450

