=LDR  05467cas a2201177 a 4500
=001  015488560
=003  Uk
=005  20230406145012.0
=006  m\\\\\\\\d\\\\\\\\
=007  cr\|n|||||||||
=008  081028c19809999ne\qr\p\s\\\\\0\\\a0eng\d
=FMT  \\$a  SE
=010  \\$asc 82005080
=022  \\$a1879-5447$y0158-9938
=030  \\$aAUPMDI
=035  \\$a(OCoLC)503726077
=040  \\$aYYP$cYYP$dUk
=042  \\$aukblsr
=060  00$aW1$bAU335H
=082  04$a610.28$222
=130  0\$aAustralasian physical & engineering sciences in medicine (Online)
=210  0\$aAustralas. phys. eng. sci. med.
=222  \0$aAustralasian physical & engineering sciences in medicine
=245  10$aAustralasian physical & engineering sciences in medicine$h[electronic resource] /$csupported by the Australasian College of Physical Scientists in Medicine and the Australasian Association of Physical Sciences in Medicine.
=246  3\$aAustralasian physical and engineering sciences in medicine
=246  13$aAustralasian physical & engineering science in medicine
=260  \\$a[Melbourne] :$bAustralasian College of Physical Scientists in Medicine,$c1980-
=310  \\$aQuarterly
=321  \\$aIrregular
=336  \\$atext$2rdacontent
=337  \\$acomputer$2rdamedia
=338  \\$aonline resource$2rdacarrier
=500  \\$aDescription based on print version record; title from cover.
=500  \\$aLatest issue consulted: Vol. 33, no. 2 (June 2010) (SpringerLink, viewed Sept. 22, 2010).
=540  \\$aCurrent copyright fee: GBP29.95$c22\1$5Uk
=650  \0$aBiomedical engineering$vPeriodicals.
=650  \0$aMedical physics$vPeriodicals.
=710  2\$aAustralasian Association of Physical Sciences in Medicine.
=710  2\$aAustralasian College of Physical Scientists in Medicine.
=776  0\$tAustralasian physical & engineering sciences in medicine$x0158-9938
=780  00$tAustralasian physical sciences in medicine$x0157-9738
=856  \\$31850-9999$uhttp://www.springer.com/gb/$xBLDSS
=856  40$uhttp://www.springerlink.com/content/0158-9938
=859  \\$aXLD$bejournal
=852  41$aBritish Library$bDSC$j1796.030000$3Volume 32:Issue 1(2009)-Volume 41:Issue 1(2018)***See ESTAR for full holdings.
=945  \\$aAustralasian physical and engineering sciences in medicine
=959  \\$fHeld but not currently received
=979  \\$aBritish Library$bDSC$j1796.030000
=985  \\$aCONFERENCE ANALYTIC RECORDS EXIST
=CAT  \\$a6811$b40$c20100216$lBLL01$h1153
=CAT  \\$aBATCH-UPD$b00$c20150219$lBLL01$h1735
=CAT  \\$aIPL-CLA$c20150331$lBLL01$h1707
=CAT  \\$aBATCH-UPD$b00$c20150520$lBLL01$h1744
=CAT  \\$aIPL-CLA$c20150630$lBLL01$h1710
=CAT  \\$aBATCH-UPD$b00$c20150820$lBLL01$h1831
=CAT  \\$aIPL-CLA$c20150930$lBLL01$h1836
=CAT  \\$aBATCH-UPD$b00$c20160217$lBLL01$h1721
=CAT  \\$aIPL-CLA$c20160331$lBLL01$h1758
=CAT  \\$aBATCH-UPD$b00$c20160524$lBLL01$h2213
=CAT  \\$aBATCH-UPD$b00$c20160525$lBLL01$h0045
=CAT  \\$aBATCH-UPD$b00$c20160824$lBLL01$h1749
=CAT  \\$aIPL-CLA$c20160930$lBLL01$h1628
=CAT  \\$aBATCH-UPD$b00$c20170216$lBLL01$h1837
=CAT  \\$aIPL-CLA$c20170331$lBLL01$h1905
=CAT  \\$aBATCH-UPD$b00$c20170904$lBLL01$h1845
=CAT  \\$aIPL-CLA$c20170929$lBLL01$h1751
=CAT  \\$aBATCH-UPD$b00$c20180223$lBLL01$h1705
=CAT  \\$aIPL-CLA$c20180331$lBLL01$h1647
=CAT  \\$aW1805-0475$c20180520$lBLL01$h1632
=CAT  \\$aBATCH-UPD$b00$c20180524$lBLL01$h1709
=CAT  \\$aIPL-CLA$c20180630$lBLL01$h1930
=CAT  \\$aW1908-0780$b00$c20200730$lBLL01$h1332
=CAT  \\$aCDS21$c20220118$lBLL01$h1105
=CAT  \\$aBATCH-UPD$b00$c20221121$lBLL01$h1404
=CAT  \\$aIPL-CLA$c20221231$lBLL01$h1450
=CAT  \\$a5410$b40$c20230406$lBLL01$h1450
=CFI  0\$aCurrent copyright fee: GBP29.95$c22\1$e01-jan-2023$fGBP29.95$g0$hP$5Uk
=CFI  2\$aPrevious copyright fee: GBP34.00$c22\1$e01-jul-2018$fGBP34.00$g0$hP$5Uk
=EST  \\$a1
=FFP  \\$aY$bBLDSS-3PM
=FIN  \\$aY$d20100922
=MNI  \\$a0158-9938
=SID  \\$aZ39$bOCLC
=TCO  \\$aNLD$bSTICHTING REPRORECHT$c008
=TOC  \\$aETOC
=UNO  \\$aY
=ACF  \\$aPrevious copyright fee: GBP22.00$c22\1$e16-feb-2010$fGBP22.00$g0$hP$5Uk
=ACF  \\$aPrevious copyright fee: GBP22.00$c22\1$e12-aug-2012$fGBP22.00$g0$hP$5Uk
=ACF  \\$aPrevious copyright fee: GBP25.00$c22\1$e01-jan-2013$fGBP25.00$g0$hP$5Uk
=ACF  \\$aPrevious copyright fee: GBP25.77$c22\1$e01-jul-2013$fGBP25.77$g0$hP$5Uk
=ACF  \\$aPrevious copyright fee: GBP24.97$c22\1$e01-jan-2014$fGBP24.97$g0$hP$5Uk
=ACF  \\$aPrevious copyright fee: GBP24.21$c22\1$e01-jul-2014$fGBP24.21$g0$hP$5Uk
=ACF  \\$aPrevious copyright fee: GBP25.77$c22\1$e01-apr-2015$fGBP25.77$g0$hP$5Uk
=ACF  \\$aPrevious copyright fee: GBP26.63$c22\1$e01-jul-2015$fGBP26.63$g0$hP$5Uk
=ACF  \\$aPrevious copyright fee: GBP25.77$c22\1$e01-oct-2015$fGBP25.77$g0$hP$5Uk
=ACF  \\$aPrevious copyright fee: GBP27.55$c22\1$e01-apr-2016$fGBP27.55$g0$hP$5Uk
=ACF  \\$aPrevious copyright fee: GBP29.59$c22\1$e01-oct-2016$fGBP29.59$g0$hP$5Uk
=ACF  \\$aPrevious copyright fee: GBP31.96$c22\1$e01-apr-2017$fGBP31.96$g0$hP$5Uk
=ACF  \\$aPrevious copyright fee: GBP30.73$c22\1$e01-oct-2017$fGBP30.73$g0$hP$5Uk
=ACF  \\$aPrevious copyright fee: GBP28.54$c22\1$e01-apr-2018$fGBP28.54$g0$hP$5Uk
=LAS  \\$a5410$b40$c20230406$lBLL01$h1450

