=LDR  05390cas a2201225 a 4500
=001  015788378
=003  Uk
=005  20230409120818.0
=006  m\\\\\\\\d\\\\\\\\
=007  cr||||||||||||
=008  040129c19749999ne\tr\p\s\\\\\0\\\a0eng\d
=FMT  \\$a  SE
=010  \\$a2004252555
=022  \\$a2210-5328
=035  \\$a(OCoLC)54108298$z(OCoLC)224487448
=040  \\$aABC$cABC$dCGU$dOCLCQ$dWAU$dUk
=042  \\$aukblsr
=043  \\$au-at---
=050  14$aLB1028.25.A8
=082  04$a370.994$222
=130  0\$aAustralian educational researcher (Online)
=222  \0$aAustralian educational researcher$b(Online)
=245  14$aThe Australian educational researcher$h[electronic resource].
=246  13$aAER
=246  13$aAARE Journal
=260  \\$aSydney, N.S.W. :$bAustralian Association for Research in Education
=260  3\$aDordrecht :$bSpringer
=310  \\$aThree issues yearly,$b1990-
=321  \\$aQuarterly,$b1974-1989
=336  \\$atext$2rdacontent
=337  \\$acomputer$2rdamedia
=338  \\$aonline resource$2rdacarrier
=362  1\$aPrint began with Vol. 1, no. 1 (Mar. 1974).
=588  \\$aDescription based on: Vol. 30, no. 1 (Apr. 2003); title from PDF caption (viewed July 28, 2004).
=588  \\$aLatest issue consulted: Vol. 38, no. 1 (Feb. 2011) (SpringerLink, viewed Apr. 12, 2011).
=530  \\$aOnline version of the print publication.
=538  \\$aMode of access: World Wide Web.
=550  \\$a"A publication of the Australian Association for Research in Education."
=540  \\$aCurrent copyright fee: GBP29.95$c22\1$5Uk
=650  \0$aEducation$zAustralia$vPeriodicals.
=650  \0$aEducation$xResearch$zAustralia$vPeriodicals.
=650  \0$aEducation$xResearch$vPeriodicals.
=710  2\$aAustralian Association for Research in Education.
=776  1\$tAustralian educational researcher$x0311-6999
=856  \\$31850-9999$uhttp://www.springer.com/gb/$xBLDSS
=856  40$uhttp://www.aare.edu.au/aer/aer.htm
=856  40$uhttp://www.springerlink.com/content/0311-6999/
=859  \\$aXLD$bejournal
=852  41$aBritish Library$bDSC$j1798.740000$3Volume 31:Issue 2(2004)-Volume 45:Issue 2(2018)***See ESTAR for full holdings.
=945  \\$aAustralian educational researcher
=959  \\$fHeld but not currently received
=979  \\$aBritish Library$bDSC$j1798.740000
=CAT  \\$a8464$b40$c20110411$lBLL01$h1055
=CAT  \\$aBATCH-UPD$b00$c20150219$lBLL01$h1735
=CAT  \\$aIPL-CLA$c20150331$lBLL01$h1713
=CAT  \\$aBATCH-UPD$b00$c20150520$lBLL01$h1744
=CAT  \\$aIPL-CLA$c20150630$lBLL01$h1714
=CAT  \\$aBATCH-UPD$b00$c20150820$lBLL01$h1831
=CAT  \\$aIPL-CLA$c20150930$lBLL01$h1841
=CAT  \\$aBATCH-UPD$b00$c20160217$lBLL01$h1721
=CAT  \\$aIPL-CLA$c20160331$lBLL01$h1803
=CAT  \\$aBATCH-UPD$b00$c20160524$lBLL01$h2214
=CAT  \\$aBATCH-UPD$b00$c20160525$lBLL01$h0051
=CAT  \\$aBATCH-UPD$b00$c20160824$lBLL01$h1749
=CAT  \\$aIPL-CLA$c20160930$lBLL01$h1632
=CAT  \\$aBATCH-UPD$b00$c20170216$lBLL01$h1837
=CAT  \\$aIPL-CLA$c20170331$lBLL01$h1909
=CAT  \\$aBATCH-UPD$b00$c20170904$lBLL01$h1845
=CAT  \\$aIPL-CLA$c20170929$lBLL01$h1756
=CAT  \\$aBATCH-UPD$b00$c20180223$lBLL01$h1705
=CAT  \\$aIPL-CLA$c20180331$lBLL01$h1654
=CAT  \\$aW1805-0475$c20180520$lBLL01$h1632
=CAT  \\$aBATCH-UPD$b00$c20180524$lBLL01$h1709
=CAT  \\$aIPL-CLA$c20180630$lBLL01$h1933
=CAT  \\$aW1908-0780$b00$c20200730$lBLL01$h1332
=CAT  \\$aCDS21$c20220118$lBLL01$h1105
=CAT  \\$aBATCH-UPD$b00$c20221121$lBLL01$h1405
=CAT  \\$aIPL-CLA$c20221231$lBLL01$h1450
=CAT  \\$a5410$b40$c20230409$lBLL01$h1208
=CFI  0\$aCurrent copyright fee: GBP29.95$c22\1$e01-jan-2023$fGBP29.95$g0$hP$5Uk
=CFI  2\$aPrevious copyright fee: GBP34.00$c22\1$e01-jul-2018$fGBP34.00$g0$hP$5Uk
=EST  \\$a1
=FFP  \\$aY$bBLDSS-3PM
=FIN  \\$aY$d20110412
=MNI  \\$a0311-6999
=SID  \\$aZ39$bOCLC
=TCO  \\$aNLD$bSTICHTING REPRORECHT$c008
=TCO  \\$aAUS$bCAL$c008
=TOC  \\$aETOC
=UNO  \\$aY
=ACF  \\$aPrevious copyright fee: GBP22.00$c22\1$e11-apr-2011$fGBP22.00$g0$hP$5Uk
=ACF  \\$aPrevious copyright fee: GBP22.00$c22\1$e12-aug-2012$fGBP22.00$g0$hP$5Uk
=ACF  \\$aPrevious copyright fee: GBP25.00$c22\1$e01-jan-2013$fGBP25.00$g0$hP$5Uk
=ACF  \\$aPrevious copyright fee: GBP25.77$c22\1$e01-jul-2013$fGBP25.77$g0$hP$5Uk
=ACF  \\$aPrevious copyright fee: GBP24.97$c22\1$e01-jan-2014$fGBP24.97$g0$hP$5Uk
=ACF  \\$aPrevious copyright fee: GBP24.21$c22\1$e01-jul-2014$fGBP24.21$g0$hP$5Uk
=ACF  \\$aPrevious copyright fee: GBP25.77$c22\1$e01-apr-2015$fGBP25.77$g0$hP$5Uk
=ACF  \\$aPrevious copyright fee: GBP26.63$c22\1$e01-jul-2015$fGBP26.63$g0$hP$5Uk
=ACF  \\$aPrevious copyright fee: GBP25.77$c22\1$e01-oct-2015$fGBP25.77$g0$hP$5Uk
=ACF  \\$aPrevious copyright fee: GBP27.55$c22\1$e01-apr-2016$fGBP27.55$g0$hP$5Uk
=ACF  \\$aPrevious copyright fee: GBP29.59$c22\1$e01-oct-2016$fGBP29.59$g0$hP$5Uk
=ACF  \\$aPrevious copyright fee: GBP31.96$c22\1$e01-apr-2017$fGBP31.96$g0$hP$5Uk
=ACF  \\$aPrevious copyright fee: GBP30.73$c22\1$e01-oct-2017$fGBP30.73$g0$hP$5Uk
=ACF  \\$aPrevious copyright fee: GBP28.54$c22\1$e01-apr-2018$fGBP28.54$g0$hP$5Uk
=LAS  \\$a5410$b40$c20230409$lBLL01$h1208

