=LDR  05179cas a2201177 a 4500
=001  015789275
=003  Uk
=005  20230430121203.0
=006  m\\\\\\\\d\\\\\\\\
=007  cr||||||||||||
=008  000728c20019999txuqr\pss\\\\\0\\\a0eng\c
=FMT  \\$a  SE
=010  \\$a   00215613 
=022  0\$a1531-135X$l1530-7026
=035  \\$a(OCoLC)44676661
=040  \\$aNSDP$cNSDP$dOCoLC$dNSDP$dDLC$dOCoLC$dCaQMU$dWaSeSS$dCaQMM$dOCoLC$dUk
=042  \\$ansdp$aukblsr
=050  14$aQP360.5$b.C633
=082  04$a612.8205$222
=130  0\$aCognitive, affective, & behavioral neuroscience (Online)
=210  0\$aCognitive affect. behav. neurosci.$b(Online)
=222  \0$aCognitive, affective & behavioral neuroscience$b(Online)
=245  10$aCognitive, affective, & behavioral neuroscience$h[electronic resource].
=246  3\$aCognitive, affective, and behavioral neuroscience
=246  13$aCABN
=260  \\$aAustin, TX :$bPsychonomic Society,$c2001-
=260  3\$32011-$aNew York :$bSpringer
=310  \\$aQuarterly
=336  \\$atext$2rdacontent
=337  \\$acomputer$2rdamedia
=338  \\$aonline resource$2rdacarrier
=362  0\$aVol. 1, no. 1 (Mar. 2001)-
=530  \\$aAlso issued in print.
=538  \\$aMode of access: World Wide Web.
=588  \\$aTitle from journal home page (viewed July 24, 2002).
=588  \\$aLatest issue consulted: Vol. 11, no. 1 (Mar. 2011) (SpringerLink, viewed Apr. 15, 2011).
=540  \\$aCurrent copyright fee: GBP29.95$c22\1$5Uk
=650  \0$aCognitive neuroscience$vPeriodicals.
=650  \0$aAffect (Psychology)$vPeriodicals.
=650  \0$aNeuropsychology$vPeriodicals.
=710  2\$aPsychonomic Society.
=776  1\$tCognitive, affective, & behavioral neuroscience$x1530-7026
=856  \\$31850-9999$uhttp://www.springer.com/gb/$xBLDSS
=856  40$uhttp://www.psychonomic.org/CABN
=856  40$uhttp://www.springerlink.com/content/1530-7026/
=859  \\$aXLD$bejournal
=852  41$aBritish Library$bDSC$j3292.872850$3Volume 9:Issue 1(2009)-Volume 18:Issue 1(2018)***See ESTAR for full holdings.
=945  \\$aCognitive affective and behavioral neuroscience
=959  \\$fHeld but not currently received
=979  \\$aBritish Library$bDSC$j3292.872850
=CAT  \\$a8464$b40$c20110412$lBLL01$h1427
=CAT  \\$aIPL-CLA$c20150331$lBLL01$h1713
=CAT  \\$aBATCH-UPD$b00$c20150520$lBLL01$h1752
=CAT  \\$aIPL-CLA$c20150630$lBLL01$h1714
=CAT  \\$aBATCH-UPD$b00$c20150820$lBLL01$h1839
=CAT  \\$aIPL-CLA$c20150930$lBLL01$h1841
=CAT  \\$aBATCH-UPD$b00$c20160217$lBLL01$h1729
=CAT  \\$aIPL-CLA$c20160331$lBLL01$h1803
=CAT  \\$aBATCH-UPD$b00$c20160519$lBLL01$h0901
=CAT  \\$aBATCH-UPD$b00$c20160524$lBLL01$h2214
=CAT  \\$aBATCH-UPD$b00$c20160824$lBLL01$h1756
=CAT  \\$aIPL-CLA$c20160930$lBLL01$h1632
=CAT  \\$aBATCH-UPD$b00$c20170216$lBLL01$h1845
=CAT  \\$aIPL-CLA$c20170331$lBLL01$h1910
=CAT  \\$aBATCH-UPD$b00$c20170904$lBLL01$h1854
=CAT  \\$aIPL-CLA$c20170929$lBLL01$h1756
=CAT  \\$aBATCH-UPD$b00$c20180223$lBLL01$h1726
=CAT  \\$aIPL-CLA$c20180331$lBLL01$h1654
=CAT  \\$aW1805-0475$c20180520$lBLL01$h1632
=CAT  \\$aBATCH-UPD$b00$c20180524$lBLL01$h1715
=CAT  \\$aIPL-CLA$c20180630$lBLL01$h1933
=CAT  \\$aW1908-0780$b00$c20200730$lBLL01$h1332
=CAT  \\$aCDS21$c20220118$lBLL01$h1105
=CAT  \\$aBATCH-UPD$b00$c20221121$lBLL01$h1405
=CAT  \\$aIPL-CLA$c20221231$lBLL01$h1450
=CAT  \\$a5410$b40$c20230430$lBLL01$h1212
=CFI  0\$aCurrent copyright fee: GBP29.95$c22\1$e01-jan-2023$fGBP29.95$g0$hP$5Uk
=CFI  2\$aPrevious copyright fee: GBP34.00$c22\1$e01-jul-2018$fGBP34.00$g0$hP$5Uk
=EST  \\$a1
=FFP  \\$aY$bBLDSS-3PM
=FIN  \\$aY$d20110415
=MNI  \\$a1530-7026
=SRC  \\$aBLL02
=TCO  \\$aTRS$bCCC$c008
=TOC  \\$aETOC
=UNO  \\$aY
=ACF  \\$aPrevious copyright fee: GBP22.00$c22\3$e12-apr-2011$fGBP22.00$g0$hP$5Uk
=ACF  \\$aPrevious copyright fee: GBP22.00$c22\3$e12-aug-2012$fGBP22.00$g0$hP$5Uk
=ACF  \\$aPrevious copyright fee: GBP25.00$c22\3$e01-jan-2013$fGBP25.00$g0$hP$5Uk
=ACF  \\$aPrevious copyright fee: GBP25.77$c22\3$e01-jul-2013$fGBP25.77$g0$hP$5Uk
=ACF  \\$aPrevious copyright fee: GBP24.97$c22\3$e01-jan-2014$fGBP24.97$g0$hP$5Uk
=ACF  \\$aPrevious copyright fee: GBP24.21$c22\3$e01-jul-2014$fGBP24.21$g0$hP$5Uk
=ACF  \\$aPrevious copyright fee: GBP25.77$c22\3$e01-apr-2015$fGBP25.77$g0$hP$5Uk
=ACF  \\$aPrevious copyright fee: GBP26.63$c22\3$e01-jul-2015$fGBP26.63$g0$hP$5Uk
=ACF  \\$aPrevious copyright fee: GBP25.77$c22\3$e01-oct-2015$fGBP25.77$g0$hP$5Uk
=ACF  \\$aPrevious copyright fee: GBP27.55$c22\3$e01-apr-2016$fGBP27.55$g0$hP$5Uk
=ACF  \\$aPrevious copyright fee: GBP29.59$c22\3$e01-oct-2016$fGBP29.59$g0$hP$5Uk
=ACF  \\$aPrevious copyright fee: GBP31.96$c22\3$e01-apr-2017$fGBP31.96$g0$hP$5Uk
=ACF  \\$aPrevious copyright fee: GBP30.73$c22\3$e01-oct-2017$fGBP30.73$g0$hP$5Uk
=ACF  \\$aPrevious copyright fee: GBP28.54$c22\3$e01-apr-2018$fGBP28.54$g0$hP$5Uk
=LAS  \\$a5410$b40$c20230430$lBLL01$h1212

