=LDR  05759cas a2201237 a 4500
=001  015792041
=003  Uk
=005  20230410170447.0
=006  m\\\\\\\\d\\\\\\\\
=007  cr\un|||||||||
=008  061219c18919999gw\qr\pso\\\\\0\\\\0ger\d
=FMT  \\$a  SE
=016  7\$a2132641-1$2DE-600
=022  \\$a1869-7135
=035  \\$a(OCoLC)77079256$z(OCoLC)649643124
=040  \\$aOCLCS$beng$cOCLCS$dOCLCS$dDLC$dHEBIS$dOCLCQ$dOCLCE$dUk
=042  \\$aukblsr
=050  \4$aQA1$b.D4
=082  04$a510.5$222
=130  0\$aJahresbericht der Deutschen Mathematiker-Vereinigung (Online)
=222  \0$aJahresbericht der Deutschen Mathematiker-Vereinigung{dollar}b(Internet)
=245  10$aJahresbericht der Deutschen Mathematiker-Vereinigung$h[electronic resource].
=260  \\$aBerlin :$bGeorg Reimer
=260  3\$a[Germany] :$bVieweg + Teubnerund Deutsche Mathematiker-Vereinigung
=300  \\$av. :$bill. ;$c23-24 cm.
=310  \\$aQuarterly,$b<1979-1989>
=321  \\$aIrregular,$b1891-1901
=321  \\$aMonthly,$b1902-
=336  \\$atext$2rdacontent
=337  \\$acomputer$2rdamedia
=338  \\$aonline resource$2rdacarrier
=362  1\$aPrint began with 1. Bd. (1890/91).
=500  \\$aList of members in each vol.
=515  \\$aPublication suspended 1944-1949. Cf. Union list of serials.
=525  \\$aSupplemented by: Jahresbericht der Deutschen Mathematiker-Vereinigung. Ergänzungsbände.
=530  \\$aAlso issued in print.
=538  \\$aMode of access: World Wide Web.
=555  \\$aVol. 1 (1891)-10 (1901) in v. 10, pt. 1.
=588  \\$aDescription based on print version record.
=588  \\$aLatest issue consulted: Vol. 113, no. 1 (Mar. 2011) (SpringerLink, viewed Apr. 27, 2011).
=540  \\$aCurrent copyright fee: GBP29.95$c22\1$5Uk
=650  \0$aMathematics$vPeriodicals.
=710  2\$aDeutsche Mathematiker-Vereinigung.
=770  1\$aDeutsche Mathematiker-Vereinigung.$tJahresbericht der Deutschen Mathematiker-Vereinigung. Ergänzungsbände
=776  1\$tJahresbericht der Deutschen Mathematiker-Vereinigung$x0012-0456
=856  \\$31850-9999$uhttp://www.springer.com/gb/$xBLDSS
=856  40$uhttp://digizeitschriften.de/index.php?id=ppn&PPN=PPN37721857X
=856  40$uhttp://www.springerlink.com/content/0012-0456/
=859  \\$aXLD$bejournal
=852  41$aBritish Library$bDSC$j4633.940000$3Volume 112:Issue 1(2010)-Volume 120:Issue 1(2018)***See ESTAR for full holdings.
=945  \\$aJahresbericht- Deutschen Mathematiker Vereinigung
=959  \\$fHeld but not currently received
=979  \\$aBritish Library$bDSC$j4633.940000
=CAT  \\$a12500$b40$c20110414$lBLL01$h1458
=CAT  \\$aBATCH-UPD$b00$c20150219$lBLL01$h1744
=CAT  \\$aIPL-CLA$c20150331$lBLL01$h1713
=CAT  \\$aBATCH-UPD$b00$c20150520$lBLL01$h1752
=CAT  \\$aIPL-CLA$c20150630$lBLL01$h1714
=CAT  \\$aBATCH-UPD$b00$c20150820$lBLL01$h1839
=CAT  \\$aIPL-CLA$c20150930$lBLL01$h1841
=CAT  \\$aBATCH-UPD$b00$c20160217$lBLL01$h1729
=CAT  \\$aIPL-CLA$c20160331$lBLL01$h1804
=CAT  \\$aBATCH-UPD$b00$c20160524$lBLL01$h2214
=CAT  \\$aBATCH-UPD$b00$c20160525$lBLL01$h0052
=CAT  \\$aBATCH-UPD$b00$c20160824$lBLL01$h1756
=CAT  \\$aIPL-CLA$c20160930$lBLL01$h1632
=CAT  \\$aBATCH-UPD$b00$c20170216$lBLL01$h1845
=CAT  \\$aIPL-CLA$c20170331$lBLL01$h1910
=CAT  \\$aBATCH-UPD$b00$c20170904$lBLL01$h1854
=CAT  \\$aIPL-CLA$c20170929$lBLL01$h1756
=CAT  \\$aBATCH-UPD$b00$c20180223$lBLL01$h1726
=CAT  \\$aIPL-CLA$c20180331$lBLL01$h1654
=CAT  \\$aW1805-0475$c20180520$lBLL01$h1632
=CAT  \\$aBATCH-UPD$b00$c20180524$lBLL01$h1715
=CAT  \\$aIPL-CLA$c20180630$lBLL01$h1933
=CAT  \\$aW1908-0780$b00$c20200730$lBLL01$h1332
=CAT  \\$aCDS21$c20220118$lBLL01$h1105
=CAT  \\$aBATCH-UPD$b00$c20221121$lBLL01$h1405
=CAT  \\$aIPL-CLA$c20221231$lBLL01$h1450
=CAT  \\$a5410$b40$c20230410$lBLL01$h1704
=CFI  0\$aCurrent copyright fee: GBP29.95$c22\1$e01-jan-2023$fGBP29.95$g0$hP$5Uk
=CFI  2\$aPrevious copyright fee: GBP34.00$c22\1$e01-jul-2018$fGBP34.00$g0$hP$5Uk
=EST  \\$a1
=FFP  \\$aY$bBLDSS-3PM
=FIN  \\$aY$d20110427
=LKR  \\$aPAR$b010480741$lBLL01$r776$mJahresbericht der Deutschen Mathematiker-Vereinigung{dollar}b(Internet)$nJahresbericht der Deutschen Mathematiker-Vereinigung
=MNI  \\$a0012-0456
=SID  \\$aZ39$bOCLC
=TCO  \\$aDEU$bVG WORT$c008
=TOC  \\$aETOC
=UNO  \\$aY
=ACF  \\$aPrevious copyright fee: GBP22.00$c22\3$e14-jun-2011$fGBP22.00$g0$hP$5Uk
=ACF  \\$aPrevious copyright fee: GBP22.00$c22\3$e12-aug-2012$fGBP22.00$g0$hP$5Uk
=ACF  \\$aPrevious copyright fee: GBP25.00$c22\3$e01-jan-2013$fGBP25.00$g0$hP$5Uk
=ACF  \\$aPrevious copyright fee: GBP25.77$c22\3$e01-jul-2013$fGBP25.77$g0$hP$5Uk
=ACF  \\$aPrevious copyright fee: GBP24.97$c22\3$e01-jan-2014$fGBP24.97$g0$hP$5Uk
=ACF  \\$aPrevious copyright fee: GBP24.21$c22\3$e01-jul-2014$fGBP24.21$g0$hP$5Uk
=ACF  \\$aPrevious copyright fee: GBP25.77$c22\3$e01-apr-2015$fGBP25.77$g0$hP$5Uk
=ACF  \\$aPrevious copyright fee: GBP26.63$c22\3$e01-jul-2015$fGBP26.63$g0$hP$5Uk
=ACF  \\$aPrevious copyright fee: GBP25.77$c22\3$e01-oct-2015$fGBP25.77$g0$hP$5Uk
=ACF  \\$aPrevious copyright fee: GBP27.55$c22\3$e01-apr-2016$fGBP27.55$g0$hP$5Uk
=ACF  \\$aPrevious copyright fee: GBP29.59$c22\3$e01-oct-2016$fGBP29.59$g0$hP$5Uk
=ACF  \\$aPrevious copyright fee: GBP31.96$c22\3$e01-apr-2017$fGBP31.96$g0$hP$5Uk
=ACF  \\$aPrevious copyright fee: GBP30.73$c22\3$e01-oct-2017$fGBP30.73$g0$hP$5Uk
=ACF  \\$aPrevious copyright fee: GBP28.54$c22\3$e01-apr-2018$fGBP28.54$g0$hP$5Uk
=LAS  \\$a5410$b40$c20230410$lBLL01$h1704

