=LDR  05387cas a2201189 a 4500
=001  015792342
=003  Uk
=005  20230409122239.0
=006  m\\\\\\\\d\\\\\\\\
=007  cr\|||||||||||
=008  100507c20109999gw\qr\p\o\\\\\0\\\a0eng\\
=FMT  \\$a  SE
=022  \\$a1869-3482
=035  \\$a(OCoLC)613300881
=040  \\$aAU@$beng$cAU@$dUk
=042  \\$aukblsr
=082  04$a616.0754$222
=130  0\$aNuclear medicine and molecular imaging (Online)
=222  \0$aNuclear medicine and molecular imaging$b(2010. Internet)
=245  10$aNuclear medicine and molecular imaging$h[electronic resource] :$bNMMI.
=246  3\$aNMMI
=260  \\$aBerlin :$bSpringer,$c2010-
=310  \\$aSemiannual
=336  \\$atext$2rdacontent
=337  \\$acomputer$2rdamedia
=338  \\$aonline resource$2rdacarrier
=362  0\$aVol. 44, no. 1 (Feb. 2010)-
=580  \\$aOriginal print version of this title was preceded by an earlier title called: Haek ŭihak punja yŏngsang.
=588  \\$aDescription based on Vol. 44, no. 1 (2010), viewed SpringerLink 7 May 2010; title from publisher site.
=588  \\$aLatest issue consulted: Vol. 45, no. 1 (Mar. 2011).
=506  \\$aOnline full text access is restricted to licenced institutions.
=530  \\$aOnline version of the print title.
=538  \\$aSystem requirements: Internet connectivity, World Wide Web browser, and Adobe Acrobat reader.
=538  \\$aMode of access: World Wide Web.
=550  \\$aPublication of the Korean Society of Nuclear Medicine.
=540  \\$aCurrent copyright fee: GBP34.95$c22\1$5Uk
=650  \0$aNuclear medicine$vPeriodicals.
=650  \0$aMolecular diagnosis$vPeriodicals.
=650  \0$aDiagnostic imaging$vPeriodicals.
=655  \0$aElectronic journals.
=710  2\$aTaehan Haek Ŭihakhoe.
=776  0\$tNuclear medicine and molecular imaging$x1869-3474
=856  \\$31850-9999$uhttp://www.springer.com/gb/$xBLDSS
=856  40$uhttp://www.springerlink.com/content/1869-3474/
=859  \\$aXLD$bejournal
=852  41$aBritish Library$bDSC$j6180.920700$3Volume 44:Issue 1(2010)-Volume 52:Issue 1(2018)***See ESTAR for full holdings.
=945  \\$aNuclear medicine and molecular imaging
=959  \\$fHeld but not currently received
=979  \\$aBritish Library$bDSC$j6180.920700
=CAT  \\$a12500$b40$c20110415$lBLL01$h1142
=CAT  \\$aBATCH-UPD$b00$c20150520$lBLL01$h1752
=CAT  \\$aIPL-CLA$c20150630$lBLL01$h1714
=CAT  \\$aBATCH-UPD$b00$c20150820$lBLL01$h1839
=CAT  \\$aIPL-CLA$c20150930$lBLL01$h1841
=CAT  \\$aBATCH-UPD$b00$c20160217$lBLL01$h1730
=CAT  \\$aIPL-CLA$c20160331$lBLL01$h1804
=CAT  \\$aBATCH-UPD$b00$c20160520$lBLL01$h0829
=CAT  \\$aBATCH-UPD$b00$c20160524$lBLL01$h2214
=CAT  \\$aBATCH-UPD$b00$c20160824$lBLL01$h1756
=CAT  \\$aIPL-CLA$c20160930$lBLL01$h1632
=CAT  \\$aBATCH-UPD$b00$c20170216$lBLL01$h1845
=CAT  \\$aIPL-CLA$c20170331$lBLL01$h1910
=CAT  \\$aBATCH-UPD$b00$c20170904$lBLL01$h1854
=CAT  \\$aIPL-CLA$c20170929$lBLL01$h1756
=CAT  \\$aBATCH-UPD$b00$c20180223$lBLL01$h1726
=CAT  \\$aIPL-CLA$c20180331$lBLL01$h1654
=CAT  \\$aW1805-0475$c20180520$lBLL01$h1632
=CAT  \\$aBATCH-UPD$b00$c20180524$lBLL01$h1715
=CAT  \\$aIPL-CLA$c20180630$lBLL01$h1933
=CAT  \\$aW1908-0780$b00$c20200730$lBLL01$h1332
=CAT  \\$a5552$b40$c20210824$lBLL01$h0855
=CAT  \\$aIPL-CLA$c20210930$lBLL01$h1528
=CAT  \\$aCDS21$c20220118$lBLL01$h1105
=CAT  \\$aBATCH-UPD$b00$c20221121$lBLL01$h1412
=CAT  \\$aIPL-CLA$c20221231$lBLL01$h1450
=CAT  \\$a5410$b40$c20230409$lBLL01$h1222
=CFI  0\$aCurrent copyright fee: GBP34.95$c22\1$e01-jan-2023$fGBP34.95$g0$hP$5Uk
=CFI  2\$aPrevious copyright fee: GBP43.00$c22\1$e01-oct-2021$fGBP43.00$g0$hP$5Uk
=EST  \\$a1
=FFP  \\$aY$bBLDSS-3PM
=FIN  \\$aY$d20110503
=MNI  \\$a1869-3474
=SID  \\$aZ39$bOCLC
=TCO  \\$aDEU$bVG WORT$c008
=TOC  \\$aETOC
=UNO  \\$aY
=ACF  \\$aPrevious copyright fee: GBP22.00$c22\3$e15-apr-2011$fGBP22.00$g0$hP$5Uk
=ACF  \\$aPrevious copyright fee: GBP22.00$c22\3$e12-aug-2012$fGBP22.00$g0$hP$5Uk
=ACF  \\$aPrevious copyright fee: GBP25.00$c22\3$e01-jan-2013$fGBP25.00$g0$hP$5Uk
=ACF  \\$aPrevious copyright fee: GBP25.77$c22\3$e01-jul-2013$fGBP25.77$g0$hP$5Uk
=ACF  \\$aPrevious copyright fee: GBP24.97$c22\3$e01-jan-2014$fGBP24.97$g0$hP$5Uk
=ACF  \\$aPrevious copyright fee: GBP24.21$c22\3$e01-jul-2014$fGBP24.21$g0$hP$5Uk
=ACF  \\$aPrevious copyright fee: GBP25.77$c22\3$e01-apr-2015$fGBP25.77$g0$hP$5Uk
=ACF  \\$aPrevious copyright fee: GBP26.63$c22\3$e01-jul-2015$fGBP26.63$g0$hP$5Uk
=ACF  \\$aPrevious copyright fee: GBP25.77$c22\3$e01-oct-2015$fGBP25.77$g0$hP$5Uk
=ACF  \\$aPrevious copyright fee: GBP27.55$c22\3$e01-apr-2016$fGBP27.55$g0$hP$5Uk
=ACF  \\$aPrevious copyright fee: GBP29.59$c22\3$e01-oct-2016$fGBP29.59$g0$hP$5Uk
=ACF  \\$aPrevious copyright fee: GBP31.96$c22\3$e01-apr-2017$fGBP31.96$g0$hP$5Uk
=ACF  \\$aPrevious copyright fee: GBP30.73$c22\3$e01-oct-2017$fGBP30.73$g0$hP$5Uk
=ACF  \\$aPrevious copyright fee: GBP28.54$c22\3$e01-apr-2018$fGBP28.54$g0$hP$5Uk
=ACF  \\$aPrevious copyright fee: GBP34.00$c22\1$e01-jul-2018$fGBP34.00$g0$hP$5Uk
=LAS  \\$a5410$b40$c20230409$lBLL01$h1222

