=LDR  04918cas a2201117 a 4500
=001  015792873
=003  Uk
=005  20230409123018.0
=006  m\\\\f\\\d\\\\\\\\
=007  cr\mn|||||||||
=008  100920c20109999vb\qr\pss\\\\\0\\\a0eng\d
=FMT  \\$a  SE
=022  0\$a2075-1109$202
=035  \\$a(OCoLC)664587234
=040  \\$aIWA$cIWA$dUk
=042  \\$aukblsr$aissnuk
=082  04$a681.753$223
=210  0\$aGyroscopy navig.$b(Online)
=222  \0$aGyroscopy and navigation$b(Online)
=245  00$aGyroscopy and navigation$h[electronic resource].
=260  \\$a[S.l.] :$bPleiades Publishing, Ltd.,$cc2010-
=260  2\$32010-$a[S.l.] :$bSpringer
=264  31$a[Tortola, British Virgin Islands] :$bPleiades Publishing
=310  \\$aQuarterly
=336  \\$atext$2rdacontent
=337  \\$acomputer$2rdamedia
=338  \\$aonline resource$2rdacarrier
=362  0\$aVol. 1, no. 1 (Jan. 2010)-
=500  \\$aTitle from contents screen (SpringerLink, viewed Sept. 20, 2010).
=588  \\$aLatest issue consulted: volume 13, issue 2 (June 2022) (SpringerLink, viewed November 29, 2022).
=540  \\$aCurrent copyright fee: GBP29.95$c22\1$5Uk
=650  \0$aGyroscopic instruments$vPeriodicals.
=650  \0$aAstronautics$vPeriodicals.
=650  \0$aGeodesy$vPeriodicals.
=775  0\$tGiroskopiâ i navigaciâ (Online)$x2075-0927
=776  08$iOnline version of the print publication:$tGyroscopy and navigation$x2075-1087
=856  \\$31850-9999$uhttp://www.springer.com/gb/$xBLDSS
=856  40$uhttps://www.springer.com/journal/13140
=859  \\$aXLD$bejournal
=852  41$aBritish Library$bDSC$j4234.582000$3Volume 1:Issue 1(2010)-Volume 9:Issue 1(2018)***See ESTAR for full holdings.
=945  \\$aGyroscopy and navigation
=959  \\$fHeld but not currently received
=979  \\$aBritish Library$bDSC$j4234.582000
=985  \\$aISSN responsibility transferred from ISSN Russia (29/11/22)
=CAT  \\$a9599$b40$c20110418$lBLL01$h1042
=CAT  \\$aIPL-CLA$c20150331$lBLL01$h1713
=CAT  \\$aBATCH-UPD$b00$c20150520$lBLL01$h1752
=CAT  \\$aIPL-CLA$c20150630$lBLL01$h1714
=CAT  \\$aBATCH-UPD$b00$c20150820$lBLL01$h1839
=CAT  \\$aIPL-CLA$c20150930$lBLL01$h1841
=CAT  \\$aBATCH-UPD$b00$c20160217$lBLL01$h1730
=CAT  \\$aIPL-CLA$c20160331$lBLL01$h1804
=CAT  \\$aBATCH-UPD$b00$c20160523$lBLL01$h0904
=CAT  \\$aBATCH-UPD$b00$c20160524$lBLL01$h2214
=CAT  \\$aBATCH-UPD$b00$c20160824$lBLL01$h1756
=CAT  \\$aIPL-CLA$c20160930$lBLL01$h1632
=CAT  \\$aBATCH-UPD$b00$c20170216$lBLL01$h1845
=CAT  \\$aIPL-CLA$c20170331$lBLL01$h1910
=CAT  \\$aBATCH-UPD$b00$c20170904$lBLL01$h1854
=CAT  \\$aIPL-CLA$c20170929$lBLL01$h1756
=CAT  \\$aBATCH-UPD$b00$c20180223$lBLL01$h1726
=CAT  \\$aIPL-CLA$c20180331$lBLL01$h1654
=CAT  \\$aW1805-0475$c20180520$lBLL01$h1632
=CAT  \\$aBATCH-UPD$b00$c20180524$lBLL01$h1715
=CAT  \\$aIPL-CLA$c20180630$lBLL01$h1933
=CAT  \\$aW1908-0780$b00$c20200730$lBLL01$h1332
=CAT  \\$aCDS21$c20220118$lBLL01$h1105
=CAT  \\$aBATCH-UPD$b00$c20221121$lBLL01$h1405
=CAT  \\$a10806$b40$c20221129$lBLL01$h1031
=CAT  \\$aIPL-CLA$c20221231$lBLL01$h1450
=CAT  \\$a5410$b40$c20230409$lBLL01$h1230
=CFI  0\$aCurrent copyright fee: GBP29.95$c22\1$e01-jan-2023$fGBP29.95$g0$hP$5Uk
=CFI  2\$aPrevious copyright fee: GBP34.00$c22\1$e01-jul-2018$fGBP34.00$g0$hP$5Uk
=EST  \\$a1
=FFP  \\$aY$bBLDSS-3PM
=FIN  \\$aY$d20110504
=MNI  \\$a2075-1087
=SID  \\$aZ39$bOCLC
=TCO  \\$aXXX$c008
=TOC  \\$aETOC
=UNO  \\$aY
=ACF  \\$aPrevious copyright fee: GBP22.00$c22\3$e18-apr-2011$fGBP22.00$g0$hP$5Uk
=ACF  \\$aPrevious copyright fee: GBP22.00$c22\3$e12-aug-2012$fGBP22.00$g0$hP$5Uk
=ACF  \\$aPrevious copyright fee: GBP25.00$c22\3$e01-jan-2013$fGBP25.00$g0$hP$5Uk
=ACF  \\$aPrevious copyright fee: GBP25.77$c22\3$e01-jul-2013$fGBP25.77$g0$hP$5Uk
=ACF  \\$aPrevious copyright fee: GBP24.97$c22\3$e01-jan-2014$fGBP24.97$g0$hP$5Uk
=ACF  \\$aPrevious copyright fee: GBP24.21$c22\3$e01-jul-2014$fGBP24.21$g0$hP$5Uk
=ACF  \\$aPrevious copyright fee: GBP25.77$c22\3$e01-apr-2015$fGBP25.77$g0$hP$5Uk
=ACF  \\$aPrevious copyright fee: GBP26.63$c22\3$e01-jul-2015$fGBP26.63$g0$hP$5Uk
=ACF  \\$aPrevious copyright fee: GBP25.77$c22\3$e01-oct-2015$fGBP25.77$g0$hP$5Uk
=ACF  \\$aPrevious copyright fee: GBP27.55$c22\3$e01-apr-2016$fGBP27.55$g0$hP$5Uk
=ACF  \\$aPrevious copyright fee: GBP29.59$c22\3$e01-oct-2016$fGBP29.59$g0$hP$5Uk
=ACF  \\$aPrevious copyright fee: GBP31.96$c22\3$e01-apr-2017$fGBP31.96$g0$hP$5Uk
=ACF  \\$aPrevious copyright fee: GBP30.73$c22\3$e01-oct-2017$fGBP30.73$g0$hP$5Uk
=ACF  \\$aPrevious copyright fee: GBP28.54$c22\3$e01-apr-2018$fGBP28.54$g0$hP$5Uk
=LAS  \\$a5410$b40$c20230409$lBLL01$h1230

