=LDR  04979cas a2201093 a 4500
=001  015798264
=003  Uk
=005  20230409121258.0
=006  m\\\\\\\\d\\\\\\\\
=007  cr\|||||||||||
=008  110503c20119999vb\qr\p\s\\\\\0\\\a0eng\\
=FMT  \\$a  SE
=022  \\$a2079-9713$y2079-9705$202
=040  \\$aUk$beng$cUk$dUk
=042  \\$aukblsr$aissnuk
=082  04$a914.7$222
=130  0\$aRegional research of Russia (Online)
=210  0\$aReg. res. Russ.$b(Online)
=222  \0$aRegional research of Russia$b(Online)
=245  10$aRegional research of Russia$h[electronic resource].
=260  \\$a[Moscow] :$bMAIK Nauka/Interperiodica ;$a[Heidelberg] :$bdistributed by Springer Science+Business Media
=264  31$a[Tortola, British Virgin Islands] :$bPleiades Publishing
=310  \\$aQuarterly
=336  \\$atext$2rdacontent
=337  \\$acomputer$2rdamedia
=338  \\$aonline resource$2rdacarrier
=362  1\$aPrint began with vol. 1, no. 1 (Jan. 2011).
=530  \\$aAlso issued in print.
=588  \\$aDescription based on: Vol. 1, no. 1 (Jan. 2011); title from contents page (SpringerLink, viewed May 11, 2011).
=588  \\$aLatest issue consulted: volume 12, issue 3 (September 2022) (SpringerLink, viewed January 13, 2023).
=540  \\$aCurrent copyright fee: GBP29.95$c22\1$5Uk
=651  \0$aRussia$xGeography$vPeriodicals.
=651  \0$aRussia$xEconomic conditions$vPeriodicals.
=651  \0$aRussia$xSocial conditions$vPeriodicals.
=776  1\$tRegional research of Russia$x2079-9705
=856  \\$31850-9999$uhttp://www.springer.com/gb/$xBLDSS
=856  40$uhttps://www.springer.com/journal/13393
=859  \\$aXLD$bejournal
=852  41$aBritish Library$bDSC$j7336.710800$3Volume 1:Issue 1(2011)-Volume 8:Issue 1(2018)***See ESTAR for full holdings.
=945  \\$aRegional research of Russia
=959  \\$fHeld but not currently received
=979  \\$aBritish Library$bDSC$j7336.710800
=985  \\$aISSN responsibility transferred from ISSN Russia (13/01/23)
=CAT  \\$a9599$b40$c20110503$lBLL01$h1100
=CAT  \\$aIPL-CLA$c20150331$lBLL01$h1714
=CAT  \\$aBATCH-UPD$b00$c20150520$lBLL01$h1752
=CAT  \\$aIPL-CLA$c20150630$lBLL01$h1714
=CAT  \\$aBATCH-UPD$b00$c20150820$lBLL01$h1839
=CAT  \\$aIPL-CLA$c20150930$lBLL01$h1841
=CAT  \\$aBATCH-UPD$b00$c20160217$lBLL01$h1730
=CAT  \\$aIPL-CLA$c20160331$lBLL01$h1804
=CAT  \\$aBATCH-UPD$b00$c20160524$lBLL01$h2214
=CAT  \\$aBATCH-UPD$b00$c20160525$lBLL01$h0052
=CAT  \\$aBATCH-UPD$b00$c20160824$lBLL01$h1756
=CAT  \\$aIPL-CLA$c20160930$lBLL01$h1633
=CAT  \\$aBATCH-UPD$b00$c20170216$lBLL01$h1845
=CAT  \\$aIPL-CLA$c20170331$lBLL01$h1910
=CAT  \\$aBATCH-UPD$b00$c20170904$lBLL01$h1854
=CAT  \\$aIPL-CLA$c20170929$lBLL01$h1756
=CAT  \\$aBATCH-UPD$b00$c20180223$lBLL01$h1726
=CAT  \\$aIPL-CLA$c20180331$lBLL01$h1654
=CAT  \\$aW1805-0475$c20180520$lBLL01$h1632
=CAT  \\$aBATCH-UPD$b00$c20180524$lBLL01$h1715
=CAT  \\$aIPL-CLA$c20180630$lBLL01$h1933
=CAT  \\$aW1908-0780$b00$c20200730$lBLL01$h1332
=CAT  \\$aCDS21$c20220118$lBLL01$h1105
=CAT  \\$aBATCH-UPD$b00$c20221121$lBLL01$h1405
=CAT  \\$aIPL-CLA$c20221231$lBLL01$h1450
=CAT  \\$a10806$b40$c20230113$lBLL01$h1032
=CAT  \\$a5410$b40$c20230409$lBLL01$h1212
=CFI  0\$aCurrent copyright fee: GBP29.95$c22\1$e01-jan-2023$fGBP29.95$g0$hP$5Uk
=CFI  2\$aPrevious copyright fee: GBP34.00$c22\1$e01-jul-2018$fGBP34.00$g0$hP$5Uk
=EST  \\$a1
=FFP  \\$aY$bBLDSS-3PM
=FIN  \\$aY$d20110511
=MNI  \\$a2079-9705
=TCO  \\$aXXX$c008
=TOC  \\$aETOC
=UNO  \\$aY
=ACF  \\$aPrevious copyright fee: GBP22.00$c22\3$e03-may-2011$fGBP22.00$g0$hP$5Uk
=ACF  \\$aPrevious copyright fee: GBP22.00$c22\3$e12-aug-2012$fGBP22.00$g0$hP$5Uk
=ACF  \\$aPrevious copyright fee: GBP25.00$c22\3$e01-jan-2013$fGBP25.00$g0$hP$5Uk
=ACF  \\$aPrevious copyright fee: GBP25.77$c22\3$e01-jul-2013$fGBP25.77$g0$hP$5Uk
=ACF  \\$aPrevious copyright fee: GBP24.97$c22\3$e01-jan-2014$fGBP24.97$g0$hP$5Uk
=ACF  \\$aPrevious copyright fee: GBP24.21$c22\3$e01-jul-2014$fGBP24.21$g0$hP$5Uk
=ACF  \\$aPrevious copyright fee: GBP25.77$c22\3$e01-apr-2015$fGBP25.77$g0$hP$5Uk
=ACF  \\$aPrevious copyright fee: GBP26.63$c22\3$e01-jul-2015$fGBP26.63$g0$hP$5Uk
=ACF  \\$aPrevious copyright fee: GBP25.77$c22\3$e01-oct-2015$fGBP25.77$g0$hP$5Uk
=ACF  \\$aPrevious copyright fee: GBP27.55$c22\3$e01-apr-2016$fGBP27.55$g0$hP$5Uk
=ACF  \\$aPrevious copyright fee: GBP29.59$c22\3$e01-oct-2016$fGBP29.59$g0$hP$5Uk
=ACF  \\$aPrevious copyright fee: GBP31.96$c22\3$e01-apr-2017$fGBP31.96$g0$hP$5Uk
=ACF  \\$aPrevious copyright fee: GBP30.73$c22\3$e01-oct-2017$fGBP30.73$g0$hP$5Uk
=ACF  \\$aPrevious copyright fee: GBP28.54$c22\3$e01-apr-2018$fGBP28.54$g0$hP$5Uk
=LAS  \\$a5410$b40$c20230409$lBLL01$h1212

