=LDR  05203cas a2201189 a 4500
=001  015798373
=003  Uk
=005  20230410165538.0
=006  m\\\\\\\\d\\\\\\\\
=007  cr||||||||||||
=008  031201c19669999ja\qr\pss\\\\\0\\\a0eng\c
=FMT  \\$a  SE
=010  \\$a  2007227698
=022  0\$a1347-605X$l0003-6862
=030  \\$aAPEZAW
=035  \\$a(OCoLC)53809848
=040  \\$aOAU$cOAU$dICU$dOCoLC$dNManhH$dOCoLC$dMiEM$dUkCU$dOCoLC$dUk
=042  \\$aukblsr
=050  14$aQL461
=060  10$aW1$bAP523
=082  04$a590$222
=130  0\$aApplied entomology and zoology (Online)
=210  0\$aAppl. entomol. zool.$b(Online)
=222  \0$aApplied entomology and zoology$b(Online)
=245  10$aApplied entomology and zoology$h[electronic resource].
=260  \\$a[Tokyo] :$bJapanese Society of Applied Entomology and Zoology
=260  3\$aTokyo :$bSpringer Japan
=310  \\$aQuarterly
=336  \\$atext$2rdacontent
=337  \\$acomputer$2rdamedia
=338  \\$aonline resource$2rdacarrier
=362  1\$aBegan with v. 1, no. 1 (Mar. 1966).
=588  \\$aDescription based on first issue; title from journal home page (CiNii, viewed Oct. 29, 2007).
=588  \\$aLatest issue consulted: Vol. 46, no. 2 (May 2011) (SpringerLink, viewed May 11, 2011).
=540  \\$aCurrent copyright fee: GBP29.95$c22\1$5Uk
=650  \0$aZoology, Economic$vPeriodicals.
=650  \0$aBeneficial insects$vPeriodicals.
=650  \0$aPests$xControl$vPeriodicals.
=710  2\$aNihon Ōyō Dōbutsu Konchū Gakkai.
=776  08$iPrint version:$tApplied entomology and zoology$x0003-6862
=856  \\$31850-9999$uhttp://www.springer.com/gb/$xBLDSS
=856  40$uhttp://bibpurl.oclc.org/web/6928
=856  40$uhttp://ci.nii.ac.jp/vol_issue/nels/AA00543238_en.html
=856  40$uhttp://www.jstage.jst.go.jp/browse/aez/
=856  40$uhttp://www.springerlink.com/content/0003-6862/
=859  \\$aXLD$bejournal
=852  41$aBritish Library$bDSC$j1572.400000$3Volume 46:Issue 1(2011)-Volume 53:Issue 1(2018)***See ESTAR for full holdings.
=945  \\$aApplied entomology and zoology
=959  \\$fHeld but not currently received
=979  \\$aBritish Library$bDSC$j1572.400000
=CAT  \\$a8464$b40$c20110503$lBLL01$h1305
=CAT  \\$aBATCH-UPD$b00$c20150219$lBLL01$h1805
=CAT  \\$aIPL-CLA$c20150331$lBLL01$h1714
=CAT  \\$aBATCH-UPD$b00$c20150520$lBLL01$h1805
=CAT  \\$aIPL-CLA$c20150630$lBLL01$h1714
=CAT  \\$aBATCH-UPD$b00$c20150820$lBLL01$h1851
=CAT  \\$aIPL-CLA$c20150930$lBLL01$h1841
=CAT  \\$aBATCH-UPD$b00$c20160217$lBLL01$h1743
=CAT  \\$aIPL-CLA$c20160331$lBLL01$h1804
=CAT  \\$aBATCH-UPD$b00$c20160524$lBLL01$h2214
=CAT  \\$aBATCH-UPD$b00$c20160525$lBLL01$h0052
=CAT  \\$aBATCH-UPD$b00$c20160824$lBLL01$h1810
=CAT  \\$aIPL-CLA$c20160930$lBLL01$h1633
=CAT  \\$aBATCH-UPD$b00$c20170216$lBLL01$h1859
=CAT  \\$aIPL-CLA$c20170331$lBLL01$h1910
=CAT  \\$aBATCH-UPD$b00$c20170904$lBLL01$h1909
=CAT  \\$aIPL-CLA$c20170929$lBLL01$h1756
=CAT  \\$aBATCH-UPD$b00$c20180223$lBLL01$h1742
=CAT  \\$aIPL-CLA$c20180331$lBLL01$h1654
=CAT  \\$aW1805-0475$c20180520$lBLL01$h1632
=CAT  \\$aBATCH-UPD$b00$c20180524$lBLL01$h1728
=CAT  \\$aIPL-CLA$c20180630$lBLL01$h1933
=CAT  \\$aW1908-0780$b00$c20200730$lBLL01$h1332
=CAT  \\$aCDS21$c20220118$lBLL01$h1105
=CAT  \\$aBATCH-UPD$b00$c20221121$lBLL01$h1405
=CAT  \\$aIPL-CLA$c20221231$lBLL01$h1450
=CAT  \\$a5410$b40$c20230410$lBLL01$h1655
=CFI  0\$aCurrent copyright fee: GBP29.95$c22\1$e01-jan-2023$fGBP29.95$g0$hP$5Uk
=CFI  2\$aPrevious copyright fee: GBP34.00$c22\1$e01-jul-2018$fGBP34.00$g0$hP$5Uk
=EST  \\$a1
=FFP  \\$aY$bBLDSS-3PM
=FIN  \\$aY$d20110511
=MNI  \\$a0003-6862
=SRC  \\$aBLL02
=TCO  \\$aJPN$bJAACC$c008
=TOC  \\$aETOC
=UNO  \\$aY
=ACF  \\$aPrevious copyright fee: GBP22.00$c23\3$e03-may-2011$fGBP22.00$g0$hP$5Uk
=ACF  \\$aPrevious copyright fee: GBP22.00$c23\3$e12-aug-2012$fGBP22.00$g0$hP$5Uk
=ACF  \\$aPrevious copyright fee: GBP25.00$c23\3$e01-jan-2013$fGBP25.00$g0$hP$5Uk
=ACF  \\$aPrevious copyright fee: GBP25.77$c23\3$e01-jul-2013$fGBP25.77$g0$hP$5Uk
=ACF  \\$aPrevious copyright fee: GBP24.97$c23\3$e01-jan-2014$fGBP24.97$g0$hP$5Uk
=ACF  \\$aPrevious copyright fee: GBP24.21$c23\3$e01-jul-2014$fGBP24.21$g0$hP$5Uk
=ACF  \\$aPrevious copyright fee: GBP25.77$c23\3$e01-apr-2015$fGBP25.77$g0$hP$5Uk
=ACF  \\$aPrevious copyright fee: GBP26.63$c23\3$e01-jul-2015$fGBP26.63$g0$hP$5Uk
=ACF  \\$aPrevious copyright fee: GBP25.77$c23\3$e01-oct-2015$fGBP25.77$g0$hP$5Uk
=ACF  \\$aPrevious copyright fee: GBP27.55$c23\3$e01-apr-2016$fGBP27.55$g0$hP$5Uk
=ACF  \\$aPrevious copyright fee: GBP29.59$c23\3$e01-oct-2016$fGBP29.59$g0$hP$5Uk
=ACF  \\$aPrevious copyright fee: GBP31.96$c23\3$e01-apr-2017$fGBP31.96$g0$hP$5Uk
=ACF  \\$aPrevious copyright fee: GBP30.73$c23\3$e01-oct-2017$fGBP30.73$g0$hP$5Uk
=ACF  \\$aPrevious copyright fee: GBP28.54$c23\3$e01-apr-2018$fGBP28.54$g0$hP$5Uk
=LAS  \\$a5410$b40$c20230410$lBLL01$h1655

