=LDR  04706cas a2201057 a 4500
=001  015802955
=003  Uk
=005  20230404205231.0
=006  m\\\\\\\\d\\\\\\\\
=007  cr\|||||||||||
=008  110510c20109999nyuqr\p\s\\\\\0\\\a0eng\\
=FMT  \\$a  SE
=022  \\$a1869-4098$y1869-408X
=040  \\$aUk$beng$cUk
=042  \\$aukblsr
=082  04$a616.100284$222
=130  0\$aCardiovascular engineering and technology (Online)
=245  10$aCardiovascular engineering and technology$h[electronic resource].
=260  \\$aNew York :$bSpringer
=310  \\$aQuarterly
=336  \\$atext$2rdacontent
=337  \\$acomputer$2rdamedia
=338  \\$aonline resource$2rdacarrier
=362  1\$aPrint began with vol. 1, no. 1 (Mar. 2010).
=530  \\$aAlso issued in print.
=588  \\$aDescription based on: Vol. 1, no. 1 (Mar. 2010); title from contents page (SpringerLink, viewed May 25, 2011).
=540  \\$aCurrent copyright fee: GBP29.95$c22\1$5Uk
=650  \0$aCardiovascular system$xDiseases$xTreatment$vPeriodicals.
=650  \0$aCardiovascular system$xPhysiology$vPeriodicals.
=650  \0$aBiomedical engineering$vPeriodicals.
=650  \0$aMedical technology$vPeriodicals.
=710  2\$aBiomedical Engineering Society.
=856  \\$31850-9999$uhttp://www.springer.com/gb/$xBLDSS
=856  40$uhttp://www.springerlink.com/content/121717
=856  40$uhttp://www.springerlink.com/content/1869-408x
=859  \\$aXLD$bejournal
=852  41$aBritish Library$bDSC$j3051.462800$3Volume 1:Issue 1(2010)-Volume 9:Issue 1(2018)***See ESTAR for full holdings.
=945  \\$aCardiovascular engineering and technology
=959  \\$fHeld but not currently received
=979  \\$aBritish Library$bDSC$j3051.462800
=CAT  \\$a12500$b40$c20110510$lBLL01$h0901
=CAT  \\$aIPL-CLA$c20150331$lBLL01$h1714
=CAT  \\$aBATCH-UPD$b00$c20150520$lBLL01$h1752
=CAT  \\$aIPL-CLA$c20150630$lBLL01$h1714
=CAT  \\$aBATCH-UPD$b00$c20150820$lBLL01$h1839
=CAT  \\$aIPL-CLA$c20150930$lBLL01$h1841
=CAT  \\$aBATCH-UPD$b00$c20160217$lBLL01$h1730
=CAT  \\$aIPL-CLA$c20160331$lBLL01$h1804
=CAT  \\$aBATCH-UPD$b00$c20160524$lBLL01$h2214
=CAT  \\$aBATCH-UPD$b00$c20160525$lBLL01$h0053
=CAT  \\$aBATCH-UPD$b00$c20160824$lBLL01$h1756
=CAT  \\$aIPL-CLA$c20160930$lBLL01$h1633
=CAT  \\$aBATCH-UPD$b00$c20170216$lBLL01$h1845
=CAT  \\$aIPL-CLA$c20170331$lBLL01$h1910
=CAT  \\$aBATCH-UPD$b00$c20170904$lBLL01$h1854
=CAT  \\$aIPL-CLA$c20170929$lBLL01$h1756
=CAT  \\$aBATCH-UPD$b00$c20180223$lBLL01$h1726
=CAT  \\$aIPL-CLA$c20180331$lBLL01$h1654
=CAT  \\$aW1805-0475$c20180520$lBLL01$h1632
=CAT  \\$aBATCH-UPD$b00$c20180524$lBLL01$h1715
=CAT  \\$aIPL-CLA$c20180630$lBLL01$h1933
=CAT  \\$aW1908-0780$b00$c20200730$lBLL01$h1332
=CAT  \\$a5552$b40$c20200819$lBLL01$h0748
=CAT  \\$aCDS21$c20220118$lBLL01$h1105
=CAT  \\$aBATCH-UPD$b00$c20221121$lBLL01$h1405
=CAT  \\$aIPL-CLA$c20221231$lBLL01$h1450
=CAT  \\$a5410$b40$c20230404$lBLL01$h2052
=CFI  0\$aCurrent copyright fee: GBP29.95$c22\1$e01-jan-2023$fGBP29.95$g0$hP$5Uk
=CFI  2\$aPrevious copyright fee: GBP34.00$c22\1$e01-jul-2018$fGBP34.00$g0$hP$5Uk
=EST  \\$a1
=FFP  \\$aY$bBLDSS-3PM
=FIN  \\$aY$d20110525
=MNI  \\$a1869-408X
=TCO  \\$aTRS$bCCC$c008
=TOC  \\$aETOC
=UNO  \\$aY
=ACF  \\$aPrevious copyright fee: GBP22.00$c22\3$e10-may-2011$fGBP22.00$g0$hP$5Uk
=ACF  \\$aPrevious copyright fee: GBP22.00$c22\3$e12-aug-2012$fGBP22.00$g0$hP$5Uk
=ACF  \\$aPrevious copyright fee: GBP25.00$c22\3$e01-jan-2013$fGBP25.00$g0$hP$5Uk
=ACF  \\$aPrevious copyright fee: GBP25.77$c22\3$e01-jul-2013$fGBP25.77$g0$hP$5Uk
=ACF  \\$aPrevious copyright fee: GBP24.97$c22\3$e01-jan-2014$fGBP24.97$g0$hP$5Uk
=ACF  \\$aPrevious copyright fee: GBP24.21$c22\3$e01-jul-2014$fGBP24.21$g0$hP$5Uk
=ACF  \\$aPrevious copyright fee: GBP25.77$c22\3$e01-apr-2015$fGBP25.77$g0$hP$5Uk
=ACF  \\$aPrevious copyright fee: GBP26.63$c22\3$e01-jul-2015$fGBP26.63$g0$hP$5Uk
=ACF  \\$aPrevious copyright fee: GBP25.77$c22\3$e01-oct-2015$fGBP25.77$g0$hP$5Uk
=ACF  \\$aPrevious copyright fee: GBP27.55$c22\3$e01-apr-2016$fGBP27.55$g0$hP$5Uk
=ACF  \\$aPrevious copyright fee: GBP29.59$c22\3$e01-oct-2016$fGBP29.59$g0$hP$5Uk
=ACF  \\$aPrevious copyright fee: GBP31.96$c22\3$e01-apr-2017$fGBP31.96$g0$hP$5Uk
=ACF  \\$aPrevious copyright fee: GBP30.73$c22\3$e01-oct-2017$fGBP30.73$g0$hP$5Uk
=ACF  \\$aPrevious copyright fee: GBP28.54$c22\3$e01-apr-2018$fGBP28.54$g0$hP$5Uk
=LAS  \\$a5410$b40$c20230404$lBLL01$h2052

