=LDR  05122cas a2201177 a 4500
=001  015806340
=003  Uk
=005  20230404204838.0
=006  m\\\\\\\\d\\\\\\\\
=007  cr\|||||||||||
=008  010522c19929999xxuqx\pss\\\\\0\\\a0eng\c
=FMT  \\$a  SE
=010  \\$a2001252642
=022  \\$a1678-4448
=035  \\$a(OCoLC)46987831$z(OCoLC)47124095$z(OCoLC)62409642
=040  \\$aWAU$cWAU$dOCLCQ$dCGU$dOCLCQ$dUk
=042  \\$aukblsr
=050  14$aQC1
=082  04$a530.05$222
=130  0\$aBrazilian journal of physics (Online)
=210  00$aBraz. j. phys.$b(Online)
=222  \0$aBrazilian journal of physics$b(Online)
=245  10$aBrazilian journal of physics$h[electronic resource] :$bpublication of the Sociedade Brasileira de Física.
=246  30$aJournal of physics
=260  \\$aSão Paulo, Brazil :$bSociedade Brasileira de Física
=260  3\$32011-$aNew York :$bSpringer
=310  \\$aFour issues yearly
=336  \\$atext$2rdacontent
=337  \\$acomputer$2rdamedia
=338  \\$aonline resource$2rdacarrier
=362  1\$aPrint began 1992.
=500  \\$aDescription based on: Vol. 27, n. 3 (Sept. 1997); title from journal home page (viewed May 22, 2001).
=500  \\$aLatest issue consulted: Vol. 41, no. 1 (May 2011) (SpringerLink, viewed May 25, 2011).
=530  \\$aAlso issued in print.
=538  \\$aMode of access: World Wide Web.
=540  \\$aCurrent copyright fee: GBP29.95$c22\1$5Uk
=650  \0$aPhysics$vPeriodicals.
=710  2\$aSociedade Brasileira de Física.
=776  1\$tBrazilian journal of physics$x0103-9733
=856  \\$31850-9999$uhttp://www.springer.com/gb/$xBLDSS
=856  40$uhttp://bibpurl.oclc.org/web/6966
=856  40$uhttp://www.scielo.br/bjp
=856  40$uhttp://www.springerlink.com/content/0103-9733/
=859  \\$aXLD$bejournal
=852  41$aBritish Library$bDSC$j2277.419550$3Volume 41:Issue 1(2011)-Volume 48:Issue 2(2018)***See ESTAR for full holdings.
=945  \\$aBrazilian journal of physics
=959  \\$fHeld but not currently received
=979  \\$aBritish Library$bDSC$j2277.419550
=CAT  \\$a12500$b40$c20110512$lBLL01$h0952
=CAT  \\$aIPL-CLA$c20150331$lBLL01$h1714
=CAT  \\$aBATCH-UPD$b00$c20150520$lBLL01$h1752
=CAT  \\$aIPL-CLA$c20150630$lBLL01$h1714
=CAT  \\$aBATCH-UPD$b00$c20150820$lBLL01$h1839
=CAT  \\$aIPL-CLA$c20150930$lBLL01$h1841
=CAT  \\$aBATCH-UPD$b00$c20160217$lBLL01$h1730
=CAT  \\$aIPL-CLA$c20160331$lBLL01$h1804
=CAT  \\$aBATCH-UPD$b00$c20160524$lBLL01$h2214
=CAT  \\$aBATCH-UPD$b00$c20160525$lBLL01$h0053
=CAT  \\$aBATCH-UPD$b00$c20160824$lBLL01$h1757
=CAT  \\$aIPL-CLA$c20160930$lBLL01$h1633
=CAT  \\$aBATCH-UPD$b00$c20170216$lBLL01$h1845
=CAT  \\$aIPL-CLA$c20170331$lBLL01$h1910
=CAT  \\$aBATCH-UPD$b00$c20170904$lBLL01$h1854
=CAT  \\$aIPL-CLA$c20170929$lBLL01$h1756
=CAT  \\$aBATCH-UPD$b00$c20180223$lBLL01$h1726
=CAT  \\$aIPL-CLA$c20180331$lBLL01$h1654
=CAT  \\$aW1805-0475$c20180520$lBLL01$h1632
=CAT  \\$aBATCH-UPD$b00$c20180524$lBLL01$h1715
=CAT  \\$aIPL-CLA$c20180630$lBLL01$h1933
=CAT  \\$aBATCH-UPD$b00$c20191124$lBLL01$h2047
=CAT  \\$aW1908-0780$b00$c20200730$lBLL01$h1332
=CAT  \\$aCDS21$c20220118$lBLL01$h1105
=CAT  \\$aBATCH-UPD$b00$c20221121$lBLL01$h1405
=CAT  \\$aIPL-CLA$c20221231$lBLL01$h1450
=CAT  \\$a5410$b40$c20230404$lBLL01$h2048
=CFI  0\$aCurrent copyright fee: GBP29.95$c22\1$e01-jan-2023$fGBP29.95$g0$hP$5Uk
=CFI  2\$aPrevious copyright fee: GBP34.00$c22\1$e01-jul-2018$fGBP34.00$g0$hP$5Uk
=EST  \\$a1
=FFP  \\$aY$bBLDSS-3PM
=FIN  \\$aY$d20110525
=MNI  \\$a0103-9733
=SID  \\$aZ39$bOCLC
=TCO  \\$aTRS$bCCC$c008
=TCO  \\$aXXX$c008
=TOC  \\$aETOC
=UNO  \\$aY
=ACF  \\$aPrevious copyright fee: GBP22.00$c22\3$e12-may-2011$fGBP22.00$g0$hP$5Uk
=ACF  \\$aPrevious copyright fee: GBP22.00$c22\3$e12-aug-2012$fGBP22.00$g0$hP$5Uk
=ACF  \\$aPrevious copyright fee: GBP25.00$c22\3$e01-jan-2013$fGBP25.00$g0$hP$5Uk
=ACF  \\$aPrevious copyright fee: GBP25.77$c22\3$e01-jul-2013$fGBP25.77$g0$hP$5Uk
=ACF  \\$aPrevious copyright fee: GBP24.97$c22\3$e01-jan-2014$fGBP24.97$g0$hP$5Uk
=ACF  \\$aPrevious copyright fee: GBP24.21$c22\3$e01-jul-2014$fGBP24.21$g0$hP$5Uk
=ACF  \\$aPrevious copyright fee: GBP25.77$c22\3$e01-apr-2015$fGBP25.77$g0$hP$5Uk
=ACF  \\$aPrevious copyright fee: GBP26.63$c22\3$e01-jul-2015$fGBP26.63$g0$hP$5Uk
=ACF  \\$aPrevious copyright fee: GBP25.77$c22\3$e01-oct-2015$fGBP25.77$g0$hP$5Uk
=ACF  \\$aPrevious copyright fee: GBP27.55$c22\3$e01-apr-2016$fGBP27.55$g0$hP$5Uk
=ACF  \\$aPrevious copyright fee: GBP29.59$c22\3$e01-oct-2016$fGBP29.59$g0$hP$5Uk
=ACF  \\$aPrevious copyright fee: GBP31.96$c22\3$e01-apr-2017$fGBP31.96$g0$hP$5Uk
=ACF  \\$aPrevious copyright fee: GBP30.73$c22\3$e01-oct-2017$fGBP30.73$g0$hP$5Uk
=ACF  \\$aPrevious copyright fee: GBP28.54$c22\3$e01-apr-2018$fGBP28.54$g0$hP$5Uk
=LAS  \\$a5410$b40$c20230404$lBLL01$h2048

