=LDR  04831cas a2201093 a 4500
=001  015835663
=003  Uk
=005  20230409114327.0
=006  m\\\\\\\\d\\\\\\\\
=007  cr||||||||||||
=008  060703c19899999ne\fr\p\s\\\\\0\\\a0eng\d
=FMT  \\$a  SE
=022  \\$a2211-050X
=035  \\$a(OCoLC)225508329
=040  \\$aAU@$beng$cAU@$dTXJ$dOCLCQ$dUk
=042  \\$aukblsr
=043  \\$au-at---
=050  \4$aQA14.A8
=082  04$a510.71$223
=130  0\$aMathematics education research journal (Online)
=245  10$aMathematics education research journal$h[electronic resource].
=246  13$aMERJ
=260  \\$a[Sydney] :$bMathematics Education Research Group of Australasia
=260  3\$aDordrecht :$bSpringer Netherlands
=336  \\$atext$2rdacontent
=337  \\$acomputer$2rdamedia
=338  \\$aonline resource$2rdacarrier
=538  \\$aMode of access: Internet via World Wide Web.
=588  \\$aLatest issue consulted: Vol. 23, no. 1 (Mar. 2011) (SpringerLink, viewed July 6, 2011).
=540  \\$aCurrent copyright fee: GBP29.95$c22\1$5Uk
=650  \0$aMathematics$xStudy and teaching$vPeriodicals.
=650  \0$aMathematics$xStudy and teaching$zAustralasia$vPeriodicals.
=710  2\$aMathematics Education Research Group of Australasia.
=776  08$iPrint version:$tMathematics education research journal$x1033-2170
=856  \\$31850-9999$uhttp://www.springer.com/gb/$xBLDSS
=856  40$uhttp://www.springerlink.com/content/1033-2170/
=859  \\$aXLD$bejournal
=852  41$aBritish Library$bDSC$j5405.917000$3Volume 9:Issue 1(1997)-Volume 30:Issue 1(2018)***See ESTAR for full holdings.
=945  \\$aMathematics education research journal
=959  \\$fHeld but not currently received
=979  \\$aBritish Library$bDSC$j5405.917000
=CAT  \\$a12500$b40$c20110627$lBLL01$h1423
=CAT  \\$aBATCH-UPD$b00$c20150219$lBLL01$h1745
=CAT  \\$aIPL-CLA$c20150331$lBLL01$h1714
=CAT  \\$aBATCH-UPD$b00$c20150520$lBLL01$h1752
=CAT  \\$aIPL-CLA$c20150630$lBLL01$h1715
=CAT  \\$aBATCH-UPD$b00$c20150820$lBLL01$h1839
=CAT  \\$aIPL-CLA$c20150930$lBLL01$h1842
=CAT  \\$aBATCH-UPD$b00$c20160217$lBLL01$h1730
=CAT  \\$aIPL-CLA$c20160331$lBLL01$h1804
=CAT  \\$aBATCH-UPD$b00$c20160524$lBLL01$h2214
=CAT  \\$aBATCH-UPD$b00$c20160525$lBLL01$h0053
=CAT  \\$aBATCH-UPD$b00$c20160824$lBLL01$h1757
=CAT  \\$aIPL-CLA$c20160930$lBLL01$h1633
=CAT  \\$aBATCH-UPD$b00$c20170216$lBLL01$h1845
=CAT  \\$aIPL-CLA$c20170331$lBLL01$h1910
=CAT  \\$aBATCH-UPD$b00$c20170904$lBLL01$h1854
=CAT  \\$aIPL-CLA$c20170929$lBLL01$h1756
=CAT  \\$aBATCH-UPD$b00$c20180223$lBLL01$h1726
=CAT  \\$aIPL-CLA$c20180331$lBLL01$h1655
=CAT  \\$aW1805-0475$c20180520$lBLL01$h1632
=CAT  \\$aBATCH-UPD$b00$c20180524$lBLL01$h1715
=CAT  \\$aIPL-CLA$c20180630$lBLL01$h1934
=CAT  \\$aW1908-0780$b00$c20200730$lBLL01$h1332
=CAT  \\$aCDS21$c20220118$lBLL01$h1105
=CAT  \\$aBATCH-UPD$b00$c20221121$lBLL01$h1405
=CAT  \\$aIPL-CLA$c20221231$lBLL01$h1450
=CAT  \\$a5410$b40$c20230409$lBLL01$h1143
=CFI  0\$aCurrent copyright fee: GBP29.95$c22\1$e01-jan-2023$fGBP29.95$g0$hP$5Uk
=CFI  2\$aPrevious copyright fee: GBP34.00$c22\1$e01-jul-2018$fGBP34.00$g0$hP$5Uk
=EST  \\$a1
=FFP  \\$aY$bBLDSS-3PM
=FIN  \\$aY$d20110706
=MNI  \\$a1033-2170
=SID  \\$aZ39$bOCLC
=TCO  \\$aNLD$bSTICHTING REPRORECHT$c008
=TCO  \\$aAUS$bCAL$c008
=TOC  \\$aETOC
=UNO  \\$aY
=ACF  \\$aPrevious copyright fee: GBP22.00$c22\3$e27-jun-2011$fGBP22.00$g0$hP$5Uk
=ACF  \\$aPrevious copyright fee: GBP22.00$c22\3$e12-aug-2012$fGBP22.00$g0$hP$5Uk
=ACF  \\$aPrevious copyright fee: GBP25.00$c22\3$e01-jan-2013$fGBP25.00$g0$hP$5Uk
=ACF  \\$aPrevious copyright fee: GBP25.77$c22\3$e01-jul-2013$fGBP25.77$g0$hP$5Uk
=ACF  \\$aPrevious copyright fee: GBP24.97$c22\3$e01-jan-2014$fGBP24.97$g0$hP$5Uk
=ACF  \\$aPrevious copyright fee: GBP24.21$c22\3$e01-jul-2014$fGBP24.21$g0$hP$5Uk
=ACF  \\$aPrevious copyright fee: GBP25.77$c22\3$e01-apr-2015$fGBP25.77$g0$hP$5Uk
=ACF  \\$aPrevious copyright fee: GBP26.63$c22\3$e01-jul-2015$fGBP26.63$g0$hP$5Uk
=ACF  \\$aPrevious copyright fee: GBP25.77$c22\3$e01-oct-2015$fGBP25.77$g0$hP$5Uk
=ACF  \\$aPrevious copyright fee: GBP27.55$c22\3$e01-apr-2016$fGBP27.55$g0$hP$5Uk
=ACF  \\$aPrevious copyright fee: GBP29.59$c22\3$e01-oct-2016$fGBP29.59$g0$hP$5Uk
=ACF  \\$aPrevious copyright fee: GBP31.96$c22\3$e01-apr-2017$fGBP31.96$g0$hP$5Uk
=ACF  \\$aPrevious copyright fee: GBP30.73$c22\3$e01-oct-2017$fGBP30.73$g0$hP$5Uk
=ACF  \\$aPrevious copyright fee: GBP28.54$c22\3$e01-apr-2018$fGBP28.54$g0$hP$5Uk
=LAS  \\$a5410$b40$c20230409$lBLL01$h1143

