=LDR  05231cas a2201117 a 4500
=001  015852802
=003  Uk
=005  20230421205009.0
=006  m\\\\\\\\d\\\\\\\\
=007  cr\|||||||||||
=008  110720c20119999gw\fx\p\s\\\\\0\\\a0eng\\
=FMT  \\$a  SE
=022  \\$a2190-9741
=040  \\$aUk$beng$cUk
=042  \\$aukblsr
=082  04$a368.0105$223
=245  00$aEuropean actuarial journal$h[electronic resource].
=246  13$aEAJ
=260  \\$aBerlin :$bSpringer,$c2011-
=310  \\$aTwo issues yearly
=336  \\$atext$2rdacontent
=337  \\$acomputer$2rdamedia
=338  \\$aonline resource$2rdacarrier
=362  0\$aVol. 1, no. 1 (July 2011)-
=538  \\$aMode of access: World Wide Web.
=500  \\$aTitle from table of contents page (SpringerLink, viewed Aug. 3, 2011).
=550  \\$aSupported by 11 national actuarial societies.
=580  \\$aPreceded by earlier print titles: Belgian actuarial bulletin, Blätter der Deutschen Gesellschaft für Versicherungs- und Finanzmathematik, Boletim do Instituto dos Actuários Portugueses, Giornale dell'Istituto Italiano degli Attuari, Mitteilungen der SAV/Bulletin de l'ASA (CH), and: Mitteilungen der AVÖ (A).
=540  \\$aCurrent copyright fee: GBP29.95$c22\1$5Uk
=650  \0$aActuarial science$vPeriodicals.
=650  \0$aInsurance$xMathematics$vPeriodicals.
=690  7\$aManagement and Business Studies$2blcoll
=780  14$tBelgian actuarial bulletin
=780  14$tBlätter der Deutschen Gesellschaft für Versicherungs- und Finanzmathematik
=780  14$tBoletim do Instituto dos Actuários Portugueses
=780  14$aIstituto Italiano degli Attuari, Rome.$tGiornale dell'Istituto Italiano degli Attuari
=780  14$tMitteilungen - Schweizerische Aktuarvereinigung
=780  14$tMitteilungen der Aktuarvereinigung Österreichs
=856  \\$31850-9999$uhttp://www.springer.com/gb/$xBLDSS
=856  40$uhttp://www.springerlink.com/content/2190-9733
=859  \\$aXLD$bejournal
=852  41$aBritish Library$bDSC$j3829.482943$3Volume 1:Issue 1(2011)-Volume 7:Issue 2(2017)***See ESTAR for full holdings.
=945  \\$aEuropean actuarial journal
=959  \\$fHeld but not currently received
=979  \\$aBritish Library$bDSC$j3829.482943
=CAT  \\$a12500$b40$c20110720$lBLL01$h1539
=CAT  \\$aIPL-CLA$c20150331$lBLL01$h1715
=CAT  \\$aBATCH-UPD$b00$c20150520$lBLL01$h1752
=CAT  \\$aIPL-CLA$c20150630$lBLL01$h1715
=CAT  \\$aBATCH-UPD$b00$c20150820$lBLL01$h1839
=CAT  \\$aIPL-CLA$c20150930$lBLL01$h1842
=CAT  \\$aBATCH-UPD$b00$c20160217$lBLL01$h1730
=CAT  \\$aIPL-CLA$c20160331$lBLL01$h1805
=CAT  \\$aBATCH-UPD$b00$c20160524$lBLL01$h2214
=CAT  \\$aBATCH-UPD$b00$c20160525$lBLL01$h0053
=CAT  \\$aBATCH-UPD$b00$c20160824$lBLL01$h1757
=CAT  \\$aIPL-CLA$c20160930$lBLL01$h1633
=CAT  \\$aBATCH-UPD$b00$c20170216$lBLL01$h1845
=CAT  \\$aIPL-CLA$c20170331$lBLL01$h1911
=CAT  \\$aBATCH-UPD$b00$c20170904$lBLL01$h1854
=CAT  \\$aIPL-CLA$c20170929$lBLL01$h1757
=CAT  \\$aBATCH-UPD$b00$c20180223$lBLL01$h1726
=CAT  \\$aIPL-CLA$c20180331$lBLL01$h1656
=CAT  \\$aW1805-0475$c20180520$lBLL01$h1632
=CAT  \\$aBATCH-UPD$b00$c20180524$lBLL01$h1715
=CAT  \\$aIPL-CLA$c20180630$lBLL01$h1934
=CAT  \\$aW1908-0780$b00$c20200730$lBLL01$h1332
=CAT  \\$a5552$b40$c20200819$lBLL01$h0754
=CAT  \\$aCDS21$c20220118$lBLL01$h1105
=CAT  \\$aBATCH-UPD$b00$c20221121$lBLL01$h1405
=CAT  \\$aIPL-CLA$c20221231$lBLL01$h1451
=CAT  \\$a5410$b40$c20230421$lBLL01$h2050
=CFI  0\$aCurrent copyright fee: GBP29.95$c22\1$e01-jan-2023$fGBP29.95$g0$hP$5Uk
=CFI  2\$aPrevious copyright fee: GBP34.00$c22\1$e01-jul-2018$fGBP34.00$g0$hP$5Uk
=EST  \\$a1
=FFP  \\$aY$bBLDSS-3PM
=FIN  \\$aY$d20110803
=MNI  \\$a2190-9733
=TCO  \\$aDEU$bVG WORT$c008
=TOC  \\$aETOC
=UNO  \\$aY
=ACF  \\$aPrevious copyright fee: GBP22.00$c22\3$e20-jul-2011$fGBP22.00$g0$hP$5Uk
=ACF  \\$aPrevious copyright fee: GBP22.00$c22\3$e12-aug-2012$fGBP22.00$g0$hP$5Uk
=ACF  \\$aPrevious copyright fee: GBP25.00$c22\3$e01-jan-2013$fGBP25.00$g0$hP$5Uk
=ACF  \\$aPrevious copyright fee: GBP25.77$c22\3$e01-jul-2013$fGBP25.77$g0$hP$5Uk
=ACF  \\$aPrevious copyright fee: GBP24.97$c22\3$e01-jan-2014$fGBP24.97$g0$hP$5Uk
=ACF  \\$aPrevious copyright fee: GBP24.21$c22\3$e01-jul-2014$fGBP24.21$g0$hP$5Uk
=ACF  \\$aPrevious copyright fee: GBP25.77$c22\3$e01-apr-2015$fGBP25.77$g0$hP$5Uk
=ACF  \\$aPrevious copyright fee: GBP26.63$c22\3$e01-jul-2015$fGBP26.63$g0$hP$5Uk
=ACF  \\$aPrevious copyright fee: GBP25.77$c22\3$e01-oct-2015$fGBP25.77$g0$hP$5Uk
=ACF  \\$aPrevious copyright fee: GBP27.55$c22\3$e01-apr-2016$fGBP27.55$g0$hP$5Uk
=ACF  \\$aPrevious copyright fee: GBP29.59$c22\3$e01-oct-2016$fGBP29.59$g0$hP$5Uk
=ACF  \\$aPrevious copyright fee: GBP31.96$c22\3$e01-apr-2017$fGBP31.96$g0$hP$5Uk
=ACF  \\$aPrevious copyright fee: GBP30.73$c22\3$e01-oct-2017$fGBP30.73$g0$hP$5Uk
=ACF  \\$aPrevious copyright fee: GBP28.54$c22\3$e01-apr-2018$fGBP28.54$g0$hP$5Uk
=LAS  \\$a5410$b40$c20230421$lBLL01$h2050

