=LDR  05321cas a2201177 a 4500
=001  015968447
=003  Uk
=005  20230407143939.0
=006  m\\\\\\\\d\\\\\\\\
=007  cr\un|||||||||
=008  060425c20059999fr\qr\pso\\\\\0\\\a0eng\c
=FMT  \\$a  SE
=010  \\$a2011233831
=022  \\$a1773-0155
=035  \\$a(OCoLC)67615755$z(OCoLC)456156205$z(OCoLC)613155418
=040  \\$aOCLCS$beng$cOCLCS$dOCLCS$dOCLCQ$dGUA$dUk
=042  \\$aukblsr
=050  14$aSB7
=082  04$a630$223
=130  0\$aAgronomy for sustainable development (Online)
=210  1\$aAgron. sustain. dev.$b(Online)
=222  \0$aAgronomy for sustainable development$b(Online)
=245  10$aAgronomy for sustainable development$h[electronic resource].
=260  \\$aLes Ulis, France :$bEDP Sciences
=260  3\$aParis :$bSpringer
=310  \\$aQuarterly
=336  \\$atext$2rdacontent
=337  \\$acomputer$2rdamedia
=338  \\$aonline resource$2rdacarrier
=362  1\$aBegan with: Vol. 25, no. 1 (Jan./Mar. 2005).
=538  \\$aMode of access: World Wide Web.
=588  \\$aDescription based on: Vol. 25, no. 1/2 (Jan./Mar. 2005); title from contents screen (publisher's Website, viewed Feb. 18, 2011).
=588  \\$aLatest issue consulted: Vol. 31, no. 4 (Oct. 2011)(SpringerLink, viewed Dec. 13, 2011).
=540  \\$aCurrent copyright fee: GBP29.95$c22\1$5Uk
=650  \0$aAgronomy$vPeriodicals.
=650  \0$aSustainable agriculture$vPeriodicals.
=650  \0$aAgricultural ecology$vPeriodicals.
=710  2\$aInstitut national de la recherche agronomique (France)
=776  08$iPrint version:$tAgronomy for sustainable development$x1774-0746
=780  00$tAgronomie
=856  \\$31850-9999$uhttp://www.springer.com/gb/$xBLDSS
=856  40$uhttp://ejournals.ebsco.com/direct.asp?JournalID=104493
=856  40$uhttp://www.agronomy-journal.org/
=856  40$uhttp://www.springerlink.com/content/1774-0746/
=859  \\$aXLD$bejournal
=852  41$aBritish Library$bDSC$j0771.476000$3Volume 27:Issue 1(2007)-Volume 38:Issue 2(2018)***See ESTAR for full holdings.
=945  \\$aAgronomy for sustainable development
=959  \\$fHeld but not currently received
=979  \\$aBritish Library$bDSC$j0771.476000
=CAT  \\$a12654$b40$c20111115$lBLL01$h0833
=CAT  \\$aBATCH-UPD$b00$c20150219$lBLL01$h1845
=CAT  \\$aIPL-CLA$c20150331$lBLL01$h1717
=CAT  \\$aBATCH-UPD$b00$c20150520$lBLL01$h1838
=CAT  \\$aIPL-CLA$c20150630$lBLL01$h1716
=CAT  \\$aBATCH-UPD$b00$c20150820$lBLL01$h1919
=CAT  \\$aIPL-CLA$c20150930$lBLL01$h1843
=CAT  \\$aBATCH-UPD$b00$c20160217$lBLL01$h1814
=CAT  \\$aIPL-CLA$c20160331$lBLL01$h1806
=CAT  \\$aBATCH-UPD$b00$c20160524$lBLL01$h2159
=CAT  \\$aBATCH-UPD$b00$c20160524$lBLL01$h2304
=CAT  \\$aBATCH-UPD$b00$c20160824$lBLL01$h1839
=CAT  \\$aIPL-CLA$c20160930$lBLL01$h1635
=CAT  \\$aBATCH-UPD$b00$c20170216$lBLL01$h1922
=CAT  \\$aIPL-CLA$c20170331$lBLL01$h1912
=CAT  \\$aBATCH-UPD$b00$c20170904$lBLL01$h1943
=CAT  \\$aIPL-CLA$c20170929$lBLL01$h1758
=CAT  \\$aBATCH-UPD$b00$c20180223$lBLL01$h1822
=CAT  \\$aIPL-CLA$c20180331$lBLL01$h1657
=CAT  \\$aW1805-0475$c20180520$lBLL01$h1632
=CAT  \\$aBATCH-UPD$b00$c20180524$lBLL01$h1740
=CAT  \\$aIPL-CLA$c20180630$lBLL01$h1935
=CAT  \\$aW1908-0780$b00$c20200730$lBLL01$h1332
=CAT  \\$aCDS21$c20220118$lBLL01$h1105
=CAT  \\$aBATCH-UPD$b00$c20221121$lBLL01$h1405
=CAT  \\$aIPL-CLA$c20221231$lBLL01$h1451
=CAT  \\$a5410$b40$c20230407$lBLL01$h1439
=CFI  0\$aCurrent copyright fee: GBP29.95$c22\1$e01-jan-2023$fGBP29.95$g0$hP$5Uk
=CFI  2\$aPrevious copyright fee: GBP34.00$c22\1$e01-jul-2018$fGBP34.00$g0$hP$5Uk
=EST  \\$a1
=FFP  \\$aY$bBLDSS-3PM
=LKR  \\$aPAR$b013248218$lBLL01$r776$mAgronomy for sustainable development (Online)$nAgronomy for sustainable development
=MNI  \\$a1774-0746
=SID  \\$aZ39$bOCLC
=TCO  \\$aFRA$bCFC$c008
=TOC  \\$aETOC
=UNO  \\$aY
=ACF  \\$aPrevious copyright fee: GBP22.00$c4\1$e15-nov-2011$fGBP22.00$g0$hP$5Uk
=ACF  \\$aPrevious copyright fee: GBP22.00$c4\1$e12-aug-2012$fGBP22.00$g0$hP$5Uk
=ACF  \\$aPrevious copyright fee: GBP25.00$c4\1$e01-jan-2013$fGBP25.00$g0$hP$5Uk
=ACF  \\$aPrevious copyright fee: GBP25.77$c4\1$e01-jul-2013$fGBP25.77$g0$hP$5Uk
=ACF  \\$aPrevious copyright fee: GBP24.97$c4\1$e01-jan-2014$fGBP24.97$g0$hP$5Uk
=ACF  \\$aPrevious copyright fee: GBP24.21$c4\1$e01-jul-2014$fGBP24.21$g0$hP$5Uk
=ACF  \\$aPrevious copyright fee: GBP25.77$c4\1$e01-apr-2015$fGBP25.77$g0$hP$5Uk
=ACF  \\$aPrevious copyright fee: GBP26.63$c4\1$e01-jul-2015$fGBP26.63$g0$hP$5Uk
=ACF  \\$aPrevious copyright fee: GBP25.77$c4\1$e01-oct-2015$fGBP25.77$g0$hP$5Uk
=ACF  \\$aPrevious copyright fee: GBP27.55$c4\1$e01-apr-2016$fGBP27.55$g0$hP$5Uk
=ACF  \\$aPrevious copyright fee: GBP29.59$c4\1$e01-oct-2016$fGBP29.59$g0$hP$5Uk
=ACF  \\$aPrevious copyright fee: GBP31.96$c4\1$e01-apr-2017$fGBP31.96$g0$hP$5Uk
=ACF  \\$aPrevious copyright fee: GBP30.73$c4\1$e01-oct-2017$fGBP30.73$g0$hP$5Uk
=ACF  \\$aPrevious copyright fee: GBP28.54$c4\1$e01-apr-2018$fGBP28.54$g0$hP$5Uk
=LAS  \\$a5410$b40$c20230407$lBLL01$h1439

