=LDR  05925cas a2201225 i 4500
=001  016170354
=003  Uk
=005  20230408165513.0
=006  m\\\\\\\\d\\\\\\\\
=007  cr\|||||||||||
=008  120914c19869999au\qr\p\o\\\\\0\\\b0ger\\
=FMT  \\$a  SE
=022  \\$a2194-1327
=040  \\$aUk$beng$cUk$erda
=041  0\$ager$aeng
=042  \\$aukblsr
=082  04$a616.8005$223
=222  \0$aNeuropsychiatrie$b(Wien. Internet)
=245  00$aNeuropsychiatrie :$bKlinik, Diagnostik, Therapie und Rehabilitation : Organ der Gesellschaft Österreichischer Nervenärzte und Psychiater.
=246  1\$iFrom <2012- > has title:$aNeuropsychiatrie :$bPsychiatrie, Psychotherapie, Public Mental Health und Sozialpsychiatrie
=246  3\$aNeuro-psychiatrie
=260  \\$aMünchen-Deisnhofen :$bDustri-Verlag,$c[1986]-
=264  31$a[Wien] :$bSpringer-Verlag GmbH
=310  \\$aFour issues yearly
=336  \\$atext$2rdacontent
=337  \\$acomputer$2rdamedia
=338  \\$aonline resource$2rdacarrier
=362  1\$aPrint began with: Bd. 1, Heft 1.
=550  \\$aOrgan of the Österreichische Gesellschaft für Neurologie und Psychiatrie, <1994-2000>; Organ of the Österreichische Gesellschaft für Psychiatrie und Psychotherapie 3.+4. Quartal 2001- , and the Österreichische Gesellschaft für Kinder- und Jugendpsychiatrie <2012- >.
=588  \\$aDescription based on print version record.
=588  \\$aLatest issue consulted: volume 29, issue 2 (June 2015) (Springer, viewed September 2, 2015).
=546  \\$aIn German and English.
=540  \\$aCurrent copyright fee: GBP34.95$c22\1$5Uk
=650  \0$aNeuropsychiatry$vPeriodicals.
=650  \0$aPsychiatry$vPeriodicals.
=650  \0$aPsychotherapy$vPeriodicals.
=650  \0$aNeurobehavioral disorders$vPeriodicals.
=710  2\$aGesellschaft Österreichischer Nervenärzte und Psychiater.
=710  2\$aÖsterreichische Gesellschaft für Neurologie und Psychiatrie.
=710  2\$aÖsterreichische Gesellschaft für Psychiatrie und Psychotherapie.
=710  2\$aÖsterreichische Gesellschaft für Kinder- und Jugendpsychiatrie.
=776  08$iAlso issued in print as:$tNeuropsychiatrie$x0948-6259
=780  05$tPsychiatrie & Psychotherapie$x1864-581X
=856  \\$31850-9999$uhttp://www.springer.com/gb/$xBLDSS
=856  40$uhttp://rd.springer.com/journal/volumesAndIssues/40211
=859  \\$aXLD$bejournal
=852  41$aBritish Library$bDSC$j6081.535700$3Volume 26:Issue 1(2012)-Volume 32:Issue 1(2018)***See ESTAR for full holdings.
=945  \\$aNeuropsychiatrie
=959  \\$fHeld but not currently received
=979  \\$aBritish Library$bDSC$j6081.535700
=985  \\$aAC - new 710 x 3
=CAT  \\$a12654$b40$c20120914$lBLL01$h1216
=CAT  \\$a11316$b40$c20150903$lBLL01$h1001
=CAT  \\$a11316$b40$c20150903$lBLL01$h1110
=CAT  \\$aIPL-CLA$c20150930$lBLL01$h1846
=CAT  \\$aBATCH-UPD$b00$c20160217$lBLL01$h1721
=CAT  \\$aIPL-CLA$c20160331$lBLL01$h1809
=CAT  \\$aBATCH-UPD$b00$c20160524$lBLL01$h2215
=CAT  \\$aBATCH-UPD$b00$c20160525$lBLL01$h0055
=CAT  \\$aBATCH-UPD$b00$c20160824$lBLL01$h1749
=CAT  \\$aIPL-CLA$c20160930$lBLL01$h1637
=CAT  \\$aBATCH-UPD$b00$c20170216$lBLL01$h1837
=CAT  \\$aIPL-CLA$c20170331$lBLL01$h1914
=CAT  \\$aBATCH-UPD$b00$c20170904$lBLL01$h1845
=CAT  \\$aIPL-CLA$c20170929$lBLL01$h1800
=CAT  \\$aBATCH-UPD$b00$c20180223$lBLL01$h1705
=CAT  \\$aIPL-CLA$c20180331$lBLL01$h1701
=CAT  \\$aW1805-0475$c20180520$lBLL01$h1632
=CAT  \\$aBATCH-UPD$b00$c20180524$lBLL01$h1709
=CAT  \\$aIPL-CLA$c20180630$lBLL01$h1936
=CAT  \\$a7332$b40$c20191004$lBLL01$h1011
=CAT  \\$aW1908-0780$b00$c20200730$lBLL01$h1332
=CAT  \\$a5552$b40$c20210824$lBLL01$h0845
=CAT  \\$aIPL-CLA$c20210930$lBLL01$h1528
=CAT  \\$aCDS21$c20220118$lBLL01$h1105
=CAT  \\$aBATCH-UPD$b00$c20221121$lBLL01$h1412
=CAT  \\$aIPL-CLA$c20221231$lBLL01$h1451
=CAT  \\$a5410$b40$c20230408$lBLL01$h1655
=CFI  0\$aCurrent copyright fee: GBP34.95$c22\1$e01-jan-2023$fGBP34.95$g0$hP$5Uk
=CFI  2\$aPrevious copyright fee: GBP43.00$c22\1$e01-oct-2021$fGBP43.00$g0$hP$5Uk
=EST  \\$a1
=FFP  \\$aY$bBLDSS-3PM
=FIN  \\$aY$d20150903
=LET  \0$aNeuropsychiatrie (Electronic)
=LKR  \\$aPAR$b012420151$lBLL01$nNeuropsychiatrie (Print)$mNeuropsychiatrie (Online)$r776
=LKR  \\$aPAR$b013765505$lBLL01$nPsychiatrie und psychotherapie (Online)$mNeuropsychiatrie (Online)$r78005
=MNI  \\$a0948-6259
=TCO  \\$aDEU$bVG WORT$c008
=TOC  \\$aETOC
=UNO  \\$aY
=ACF  \\$aPrevious copyright fee: GBP22.00$c22\1$e14-sep-2012$fGBP22.00$g0$hP$5Uk
=ACF  \\$aPrevious copyright fee: GBP25.00$c22\1$e01-jan-2013$fGBP25.00$g0$hP$5Uk
=ACF  \\$aPrevious copyright fee: GBP25.77$c22\1$e01-jul-2013$fGBP25.77$g0$hP$5Uk
=ACF  \\$aPrevious copyright fee: GBP24.97$c22\1$e01-jan-2014$fGBP24.97$g0$hP$5Uk
=ACF  \\$aPrevious copyright fee: GBP24.21$c22\1$e01-jul-2014$fGBP24.21$g0$hP$5Uk
=ACF  \\$aPrevious copyright fee: GBP25.77$c22\1$e01-apr-2015$fGBP25.77$g0$hP$5Uk
=ACF  \\$aPrevious copyright fee: GBP26.63$c22\1$e01-jul-2015$fGBP26.63$g0$hP$5Uk
=ACF  \\$aPrevious copyright fee: GBP25.77$c22\1$e01-oct-2015$fGBP25.77$g0$hP$5Uk
=ACF  \\$aPrevious copyright fee: GBP27.55$c22\1$e01-apr-2016$fGBP27.55$g0$hP$5Uk
=ACF  \\$aPrevious copyright fee: GBP29.59$c22\1$e01-oct-2016$fGBP29.59$g0$hP$5Uk
=ACF  \\$aPrevious copyright fee: GBP31.96$c22\1$e01-apr-2017$fGBP31.96$g0$hP$5Uk
=ACF  \\$aPrevious copyright fee: GBP30.73$c22\1$e01-oct-2017$fGBP30.73$g0$hP$5Uk
=ACF  \\$aPrevious copyright fee: GBP28.54$c22\1$e01-apr-2018$fGBP28.54$g0$hP$5Uk
=ACF  \\$aPrevious copyright fee: GBP34.00$c22\1$e01-jul-2018$fGBP34.00$g0$hP$5Uk
=LAS  \\$a5410$b40$c20230408$lBLL01$h1655

