=LDR  05526cas a2201249 a 4500
=001  014055683
=003  Uk
=005  20230311104338.0
=006  m\\\\\\\\d\\\\\\\\
=007  cr\|||||||||||
=008  061013c19679999xxuqr\poo\\\\\0\\\a0eng\c
=FMT  \\$a  SE
=010  \\$a2006215660
=016  7\$a0117156$2DNLM
=016  7\$aE17800000$2DNLM
=022  0\$a1934-2845$l0071-3260$y0071-3260$21
=030  \\$aEVBIAI
=035  \\$a(OCoLC)72833368$z(OCoLC)253914158$z(OCoLC)615014001
=040  \\$aNSD$beng$cNSD$dNLGGC$dNSD$dLGG$dOCLCQ$dCFI$dVRC$dOCLCQ$dTXA$dSERSO$dOCLCO$dOCLCQ$dBUF$dUk
=042  \\$ansdp$aukblsr
=050  10$aISSN RECORD
=050  04$aQH366.A1$bE9
=060  00$aW1$bEV64
=082  04$a576.8$223
=130  0\$aEvolutionary biology (Online)
=222  \0$aEvolutionary biology$b(Online)
=245  10$aEvolutionary biology$h[electronic resource].
=260  \\$aNorwell, MA :$bSpringer Science + Business Media
=264  31$a[New York, NY] :$bSpringer US
=310  \\$aQuarterly,$b2007-
=321  \\$aAnnual,$b1967-2006
=336  \\$atext$2rdacontent
=337  \\$acomputer$2rdamedia
=338  \\$aonline resource$2rdacarrier
=362  1\$aPrint began with: Vol. 1 (1967).
=515  \\$aSome numbers issued in combined form.
=538  \\$aMode of access: World Wide Web.
=588  \\$aDescription based on: Vol. 34, nos 1/2 (June 2007); title from issue table of contents (SpringerLink, viewed June 21, 2010).
=588  \\$aLatest issue consulted: Vol. 31, no. 1 (Mar. 2010) (June 21, 2010).
=540  \\$aCurrent copyright fee: GBP29.95$c22\1$5Uk
=650  \0$aEvolution$vPeriodicals.
=650  \0$aBiology$vPeriodicals.
=776  08$iPrint version:$tEvolutionary biology$x0071-3260
=856  \\$31850-9999$uhttp://www.springer.com/gb/$xBLDSS
=856  4\$uhttp://www.springerlink.com/content/1934-2845
=856  40$uhttp://link.springer.com/journal/11692
=859  \\$aXLD$bejournal
=852  41$aBritish Library$bDSC$j3834.400000$3Volume 34:Issue 1/2(2007)-Volume 45:Issue 1(2018)***See ESTAR for full holdings.
=945  \\$aEvolutionary biology
=959  \\$fHeld but not currently received
=979  \\$aBritish Library$bDSC$j3834.400000
=CAT  \\$a7174$b40$c20071008$lBLL01$h1349
=CAT  \\$aBATCH-UPD$b00$c20150219$lBLL01$h1756
=CAT  \\$aIPL-CLA$c20150331$lBLL01$h1652
=CAT  \\$aBATCH-UPD$b00$c20150520$lBLL01$h1759
=CAT  \\$aIPL-CLA$c20150630$lBLL01$h1657
=CAT  \\$aBATCH-UPD$b00$c20150820$lBLL01$h1846
=CAT  \\$aIPL-CLA$c20150930$lBLL01$h1821
=CAT  \\$aBATCH-UPD$b00$c20160217$lBLL01$h1737
=CAT  \\$aIPL-CLA$c20160331$lBLL01$h1743
=CAT  \\$aBATCH-UPD$b00$c20160524$lBLL01$h2212
=CAT  \\$aBATCH-UPD$b00$c20160525$lBLL01$h0030
=CAT  \\$aBATCH-UPD$b00$c20160824$lBLL01$h1804
=CAT  \\$aIPL-CLA$c20160930$lBLL01$h1616
=CAT  \\$aBATCH-UPD$b00$c20170216$lBLL01$h1853
=CAT  \\$aIPL-CLA$c20170331$lBLL01$h1854
=CAT  \\$aBATCH-UPD$b00$c20170904$lBLL01$h1902
=CAT  \\$aIPL-CLA$c20170929$lBLL01$h1740
=CAT  \\$aBATCH-UPD$b00$c20180223$lBLL01$h1736
=CAT  \\$aIPL-CLA$c20180331$lBLL01$h1632
=CAT  \\$aW1805-0475$c20180520$lBLL01$h1632
=CAT  \\$aBATCH-UPD$b00$c20180524$lBLL01$h1722
=CAT  \\$aIPL-CLA$c20180630$lBLL01$h1923
=CAT  \\$aW1908-0780$b00$c20200730$lBLL01$h1331
=CAT  \\$aCDS21$c20220118$lBLL01$h1105
=CAT  \\$aBATCH-UPD$b00$c20221121$lBLL01$h1402
=CAT  \\$aIPL-CLA$c20221231$lBLL01$h1448
=CAT  \\$a5410$b40$c20230311$lBLL01$h1043
=CFI  0\$aCurrent copyright fee: GBP29.95$c22\1$e01-jan-2023$fGBP29.95$g0$hP$5Uk
=CFI  2\$aPrevious copyright fee: GBP34.00$c22\1$e01-jul-2018$fGBP34.00$g0$hP$5Uk
=EST  \\$a1
=FFP  \\$aY$bBLDSS-3PM
=FIN  \\$aY$d20131120
=LKR  \\$aPAR$b007860297$lBLL01$nEvolutionary biology (Print)$mEvolutionary biology (Online).$r776
=MNI  \\$a0071-3260
=SID  \\$aZ39$bOCLC
=TCO  \\$aTRS$bCCC$c008
=TCO  \\$aNLD$bSTICHTING REPRORECHT$c008
=TOC  \\$aETOC
=UNO  \\$aY
=ACF  \\$aPrevious copyright fee: GBP21.25$c22\8$e01-jan-2009$fGBP21.25$g0$hP$5Uk
=ACF  \\$aPrevious Copyright Fee: GBP16.75$c22\8$e08-oct-2007$fGBP16.75$g0$hP$5Uk
=ACF  \\$aPrevious copyright fee: GBP22.00$c22\8$e01-apr-2009$fGBP22.00$g0$hP$5Uk
=ACF  \\$aPrevious copyright fee: GBP22.00$c22\8$e12-aug-2012$fGBP22.00$g0$hP$5Uk
=ACF  \\$aPrevious copyright fee: GBP25.00$c22\8$e01-jan-2013$fGBP25.00$g0$hP$5Uk
=ACF  \\$aPrevious copyright fee: GBP25.77$c22\8$e01-jul-2013$fGBP25.77$g0$hP$5Uk
=ACF  \\$aPrevious copyright fee: GBP24.97$c22\8$e01-jan-2014$fGBP24.97$g0$hP$5Uk
=ACF  \\$aPrevious copyright fee: GBP24.21$c22\8$e01-jul-2014$fGBP24.21$g0$hP$5Uk
=ACF  \\$aPrevious copyright fee: GBP25.77$c22\8$e01-apr-2015$fGBP25.77$g0$hP$5Uk
=ACF  \\$aPrevious copyright fee: GBP26.63$c22\8$e01-jul-2015$fGBP26.63$g0$hP$5Uk
=ACF  \\$aPrevious copyright fee: GBP25.77$c22\8$e01-oct-2015$fGBP25.77$g0$hP$5Uk
=ACF  \\$aPrevious copyright fee: GBP27.55$c22\8$e01-apr-2016$fGBP27.55$g0$hP$5Uk
=ACF  \\$aPrevious copyright fee: GBP29.59$c22\8$e01-oct-2016$fGBP29.59$g0$hP$5Uk
=ACF  \\$aPrevious copyright fee: GBP31.96$c22\8$e01-apr-2017$fGBP31.96$g0$hP$5Uk
=ACF  \\$aPrevious copyright fee: GBP30.73$c22\8$e01-oct-2017$fGBP30.73$g0$hP$5Uk
=ACF  \\$aPrevious copyright fee: GBP28.54$c22\8$e01-apr-2018$fGBP28.54$g0$hP$5Uk
=LAS  \\$a5410$b40$c20230311$lBLL01$h1043

