=LDR  05958cas a2201285 a 4500
=001  014490950
=003  Uk
=005  20230328150447.0
=006  m\\\\\o\\d\\\\\\\\
=007  cr\mnu||||||||
=008  070906c20079999gw\qr\pso\\\\\0\\\a0eng\c
=FMT  \\$a  SE
=010  \\$a2008252064
=022  \\$a1873-7854$l1873-7617$y1873-7617
=030  \\$aSSFOFO
=035  \\$a(OCoLC)168583798$z(OCoLC)253833692$z(OCoLC)427782949
=040  \\$aIPL$beng$cIPL$dWAU$dMUQ$dLGG$dOCLCQ$dUk
=042  \\$aukblsr
=050  14$aSD1
=082  04$a634.905$223
=130  0\$aSmall-scale forestry (Online)
=222  \0$aSmall-scale forestry$b(Online)
=245  10$aSmall-scale forestry$h[electronic resource].
=260  \\$aHeidelberg :$bSpringer-Verlag
=310  \\$aQuarterly
=336  \\$atext$2rdacontent
=337  \\$acomputer$2rdamedia
=338  \\$aonline resource$2rdacarrier
=362  1\$aBegan with: Vol. 6, no. 1 (Mar. 2007).
=580  \\$aIncludes issues of earlier title: Small-scale forest economics, management and policy.
=530  \\$aAlso issued in print.
=538  \\$aMode of access: World Wide Web.
=588  \\$aDescription based on first issue; title from contents screen (Springerlink, viewed Sept. 6, 2007).
=588  \\$aLatest issue consulted: volume 12, issue 3 (September 2013) (SpringerLink, viewed Sept. 24, 2013).
=540  \\$aCurrent copyright fee: GBP29.95$c22\1$5Uk
=650  \0$aForests and forestry$xEconomic aspects$vPeriodicals.
=650  \0$aSmall-scale forestry$vPeriodicals.
=650  \0$aForest management$vPeriodicals.
=650  \0$aForest policy$vPeriodicals.
=650  \6$aForêts$xAspect économique$vPériodiques.
=650  \6$aForesterie à petite échelle$vPériodiques.
=650  \6$aForêts$xGestion$vPériodiques.
=650  \6$aPolitique forestière$vPériodiques.
=776  08$tSmall-scale forestry$x1873-7617
=780  10$tSmall-scale forest economics, management and policy (Online)
=856  \\$31850-9999$uhttp://www.springer.com/gb/$xBLDSS
=856  40$uhttp://www.springer.com/life+sciences/forestry/journal/11842
=856  40$uhttp://www.springerlink.com/content/120445/
=856  40$uhttp://www.springerlink.com/content/1873-7617
=859  \\$aXLD$bejournal
=852  41$aBritish Library$bDSC$j8310.151200$3Volume 6:Issue 1(2007)-Volume 17:Issue 1(2018)***See ESTAR for full holdings.
=945  \\$aSmall scale forestry -Springer-
=959  \\$fHeld but not currently received
=979  \\$aBritish Library$bDSC$j8310.151200
=CAT  \\$a7174$b40$c20080111$lBLL01$h1631
=CAT  \\$aBATCH-UPD$b00$c20150520$lBLL01$h1702
=CAT  \\$aIPL-CLA$c20150630$lBLL01$h1700
=CAT  \\$aBATCH-UPD$b00$c20150820$lBLL01$h1752
=CAT  \\$aIPL-CLA$c20150930$lBLL01$h1825
=CAT  \\$a11316$b40$c20151015$lBLL01$h1229
=CAT  \\$a11316$b40$c20151015$lBLL01$h1335
=CAT  \\$aBATCH-UPD$b40$c20160217$lBLL01$h1639
=CAT  \\$aIPL-CLA$c20160331$lBLL01$h1747
=CAT  \\$aBATCH-UPD$b00$c20160518$lBLL01$h1359
=CAT  \\$aBATCH-UPD$b00$c20160524$lBLL01$h2157
=CAT  \\$aBATCH-UPD$b00$c20160824$lBLL01$h1716
=CAT  \\$aIPL-CLA$c20160930$lBLL01$h1619
=CAT  \\$aBATCH-UPD$b00$c20170216$lBLL01$h1803
=CAT  \\$aIPL-CLA$c20170331$lBLL01$h1857
=CAT  \\$aBATCH-UPD$b00$c20170904$lBLL01$h1804
=CAT  \\$aIPL-CLA$c20170929$lBLL01$h1743
=CAT  \\$aBATCH-UPD$b00$c20180223$lBLL01$h1621
=CAT  \\$aIPL-CLA$c20180331$lBLL01$h1635
=CAT  \\$aW1805-0475$c20180520$lBLL01$h1632
=CAT  \\$aBATCH-UPD$b00$c20180524$lBLL01$h1653
=CAT  \\$aIPL-CLA$c20180630$lBLL01$h1925
=CAT  \\$aW1908-0780$b00$c20200730$lBLL01$h1331
=CAT  \\$aCDS21$c20220118$lBLL01$h1105
=CAT  \\$aBATCH-UPD$b00$c20221121$lBLL01$h1402
=CAT  \\$aIPL-CLA$c20221231$lBLL01$h1449
=CAT  \\$a5410$b40$c20230328$lBLL01$h1504
=CFI  0\$aCurrent copyright fee: GBP29.95$c22\1$e01-jan-2023$fGBP29.95$g0$hP$5Uk
=CFI  2\$aPrevious copyright fee: GBP34.00$c22\1$e01-jul-2018$fGBP34.00$g0$hP$5Uk
=EST  \\$a1
=FFP  \\$aY$bBLDSS-3PM
=FIN  \\$aY$d20130924
=LKR  \\$aPAR$b013610591$lBLL01$r776$mSmall-scale forestry (Online)$nSmall scale forestry (Print).
=LKR  \\$aPAR$b013668398$lBLL01$nSmall-scale forest economics, management and policy (Online)$mSmall scale forestry (Online)$r78010
=MNI  \\$a1873-7617
=SID  \\$aZ39$bOCLC
=TCO  \\$aNLD$bSTICHTING REPRORECHT$c008
=TOC  \\$aETOC
=UNO  \\$aY
=ACF  \\$aPrevious copyright fee: GBP21.25$c13\1$e01-jan-2009$fGBP21.25$g0$hP$5Uk
=ACF  \\$aPrevious Copyright Fee: GBP16.75$c13\1$e11-jan-2008$fGBP16.75$g0$hP$5Uk
=ACF  \\$aPrevious copyright fee: GBP22.00$c13\1$e01-apr-2009$fGBP22.00$g0$hP$5Uk
=ACF  \\$aPrevious copyright fee: GBP22.00$c13\1$e12-aug-2012$fGBP22.00$g0$hP$5Uk
=ACF  \\$aPrevious copyright fee: GBP25.00$c13\1$e01-jan-2013$fGBP25.00$g0$hP$5Uk
=ACF  \\$aPrevious copyright fee: GBP25.77$c13\1$e01-jul-2013$fGBP25.77$g0$hP$5Uk
=ACF  \\$aPrevious copyright fee: GBP24.97$c13\1$e01-jan-2014$fGBP24.97$g0$hP$5Uk
=ACF  \\$aPrevious copyright fee: GBP24.21$c13\1$e01-jul-2014$fGBP24.21$g0$hP$5Uk
=ACF  \\$aPrevious copyright fee: GBP25.77$c13\1$e01-apr-2015$fGBP25.77$g0$hP$5Uk
=ACF  \\$aPrevious copyright fee: GBP26.63$c13\1$e01-jul-2015$fGBP26.63$g0$hP$5Uk
=ACF  \\$aPrevious copyright fee: GBP25.77$c13\1$e01-oct-2015$fGBP25.77$g0$hP$5Uk
=ACF  \\$aPrevious copyright fee: GBP27.55$c13\1$e01-apr-2016$fGBP27.55$g0$hP$5Uk
=ACF  \\$aPrevious copyright fee: GBP29.59$c13\1$e01-oct-2016$fGBP29.59$g0$hP$5Uk
=ACF  \\$aPrevious copyright fee: GBP31.96$c13\1$e01-apr-2017$fGBP31.96$g0$hP$5Uk
=ACF  \\$aPrevious copyright fee: GBP30.73$c13\1$e01-oct-2017$fGBP30.73$g0$hP$5Uk
=ACF  \\$aPrevious copyright fee: GBP28.54$c13\1$e01-apr-2018$fGBP28.54$g0$hP$5Uk
=LAS  \\$a5410$b40$c20230328$lBLL01$h1504

