=LDR  05363cas a2201189 a 4500
=001  014492630
=003  Uk
=005  20230429124300.0
=006  m\\\\\o\\d\\\\\\\\
=007  cr\|||||||||||
=008  051121c19919999xxuqr\pso\\\\\0\\\a0eng\c
=FMT  \\$a  SE
=010  \\$a  2005215900
=022  0\$a1559-002X$l1050-6926$y1050-6926$21
=035  \\$a(OCoLC)62311284
=040  \\$aNSDP$cNSDP$dOCoLC$dNSDP$dOCoLC$dOKentU$dOCoLC$dNBuU$dUk
=042  \\$ansdp$aukblsr
=050  14$aQA299.6$b.J68
=082  00$a516.3$223
=130  0\$aJournal of geometric analysis (Online)
=210  0\$aJ. geom. anal.$b(Online)
=222  \0$aJournal of geometric analysis$b(Online)
=245  10$aJournal of geometric analysis$h[electronic resource].
=260  \\$aSt. Louis, Mo. :$bWashington University
=264  31$a[United States] :$bSpringer US
=310  \\$aQuarterly
=336  \\$atext$2rdacontent
=337  \\$acomputer$2rdamedia
=338  \\$aonline resource$2rdacarrier
=362  1\$aPrint began with vol. 1, no. 1 (1991).
=538  \\$aMode of access: World Wide Web.
=588  \\$aDescription based on: Vol. 15, issue 3 (Sept. 2005); title from title screen.
=588  \\$aLatest issue consulted: Vol. 23, issue 1 (Jan. 2013) (Springer Link, viewed Feb. 13, 2013).
=540  \\$aCurrent copyright fee: GBP29.95$c22\1$5Uk
=650  \0$aMathematical analysis$vPeriodicals.
=650  \0$aGeometry$vPeriodicals.
=650  \0$aDifferential equations, Partial$vPeriodicals.
=776  08$iPrint version:$tJournal of geometric analysis$x1050-6926
=856  \\$31850-9999$uhttp://www.springer.com/gb/$xBLDSS
=856  40$uhttp://ejournals.ebsco.com/direct.asp?JournalID=115216
=856  40$uhttp://link.springer.com/journal/12220
=856  40$uhttp://www.mathjournals.org/jgan
=859  \\$aXLD$bejournal
=852  41$aBritish Library$bDSC$j4994.400000$3Volume 7:Issue 3(1997)-Volume 28:Issue 1(2018)***See ESTAR for full holdings.
=945  \\$aJournal of geometric analysis
=959  \\$fHeld but not currently received
=979  \\$aBritish Library$bDSC$j4994.400000
=CAT  \\$a7174$b40$c20080115$lBLL01$h1403
=CAT  \\$aIPL-CLA$c20150331$lBLL01$h1655
=CAT  \\$aBATCH-UPD$b00$c20150520$lBLL01$h1759
=CAT  \\$aIPL-CLA$c20150630$lBLL01$h1700
=CAT  \\$aBATCH-UPD$b00$c20150820$lBLL01$h1846
=CAT  \\$aIPL-CLA$c20150930$lBLL01$h1825
=CAT  \\$aBATCH-UPD$b00$c20160217$lBLL01$h1737
=CAT  \\$aIPL-CLA$c20160331$lBLL01$h1747
=CAT  \\$aBATCH-UPD$b00$c20160524$lBLL01$h2212
=CAT  \\$aBATCH-UPD$b00$c20160525$lBLL01$h0032
=CAT  \\$aBATCH-UPD$b00$c20160824$lBLL01$h1804
=CAT  \\$aIPL-CLA$c20160930$lBLL01$h1619
=CAT  \\$aBATCH-UPD$b00$c20170216$lBLL01$h1853
=CAT  \\$aIPL-CLA$c20170331$lBLL01$h1857
=CAT  \\$aBATCH-UPD$b00$c20170904$lBLL01$h1902
=CAT  \\$aIPL-CLA$c20170929$lBLL01$h1743
=CAT  \\$aBATCH-UPD$b00$c20180223$lBLL01$h1736
=CAT  \\$aIPL-CLA$c20180331$lBLL01$h1635
=CAT  \\$aW1805-0475$c20180520$lBLL01$h1632
=CAT  \\$aBATCH-UPD$b00$c20180524$lBLL01$h1722
=CAT  \\$aIPL-CLA$c20180630$lBLL01$h1925
=CAT  \\$aW1908-0780$b00$c20200730$lBLL01$h1331
=CAT  \\$aCDS21$c20220118$lBLL01$h1105
=CAT  \\$aBATCH-UPD$b00$c20221121$lBLL01$h1402
=CAT  \\$aIPL-CLA$c20221231$lBLL01$h1449
=CAT  \\$a5410$b40$c20230429$lBLL01$h1243
=CFI  0\$aCurrent copyright fee: GBP29.95$c22\1$e01-jan-2023$fGBP29.95$g0$hP$5Uk
=CFI  2\$aPrevious copyright fee: GBP34.00$c22\1$e01-jul-2018$fGBP34.00$g0$hP$5Uk
=EST  \\$a1
=FFP  \\$aY$bBLDSS-3PM
=FIN  \\$aY$d20130924
=LKR  \\$aPAR$b008910220$lBLL01$r776$mJournal of geometric analysis (Online)$nThe Journal of geometric analysis (Print).
=MNI  \\$a1050-6926
=SRC  \\$aBLL02
=TCO  \\$aTRS$bCCC$c008
=TCO  \\$aCLA$bCLA$c008
=TOC  \\$aETOC
=UNO  \\$aY
=ACF  \\$aPrevious copyright fee: GBP21.25$c22\8$e01-jan-2009$fGBP21.25$g0$hP$5Uk
=ACF  \\$aPrevious Copyright Fee: GBP16.75$c22\8$e15-jan-2008$fGBP16.75$g0$hP$5Uk
=ACF  \\$aPrevious copyright fee: GBP22.00$c22\8$e01-apr-2009$fGBP22.00$g0$hP$5Uk
=ACF  \\$aPrevious copyright fee: GBP22.00$c22\8$e12-aug-2012$fGBP22.00$g0$hP$5Uk
=ACF  \\$aPrevious copyright fee: GBP25.00$c22\8$e01-jan-2013$fGBP25.00$g0$hP$5Uk
=ACF  \\$aPrevious copyright fee: GBP25.77$c22\8$e01-jul-2013$fGBP25.77$g0$hP$5Uk
=ACF  \\$aPrevious copyright fee: GBP24.97$c22\8$e01-jan-2014$fGBP24.97$g0$hP$5Uk
=ACF  \\$aPrevious copyright fee: GBP24.21$c22\8$e01-jul-2014$fGBP24.21$g0$hP$5Uk
=ACF  \\$aPrevious copyright fee: GBP25.77$c22\8$e01-apr-2015$fGBP25.77$g0$hP$5Uk
=ACF  \\$aPrevious copyright fee: GBP26.63$c22\8$e01-jul-2015$fGBP26.63$g0$hP$5Uk
=ACF  \\$aPrevious copyright fee: GBP25.77$c22\8$e01-oct-2015$fGBP25.77$g0$hP$5Uk
=ACF  \\$aPrevious copyright fee: GBP27.55$c22\8$e01-apr-2016$fGBP27.55$g0$hP$5Uk
=ACF  \\$aPrevious copyright fee: GBP29.59$c22\8$e01-oct-2016$fGBP29.59$g0$hP$5Uk
=ACF  \\$aPrevious copyright fee: GBP31.96$c22\8$e01-apr-2017$fGBP31.96$g0$hP$5Uk
=ACF  \\$aPrevious copyright fee: GBP30.73$c22\8$e01-oct-2017$fGBP30.73$g0$hP$5Uk
=ACF  \\$aPrevious copyright fee: GBP28.54$c22\8$e01-apr-2018$fGBP28.54$g0$hP$5Uk
=LAS  \\$a5410$b40$c20230429$lBLL01$h1243

