=LDR  05524cas a2201189 i 4500
=001  014513169
=003  Uk
=005  20230319102725.0
=006  m\\\\\o\\d\\\\\\\\
=007  cr\cn|||||||||
=008  080310c20089999gw\br\pso\\\\\0\\\a0eng\c
=FMT  \\$a  SE
=010  \\$a2008254005
=022  \\$a1874-8953$y1874-8961
=035  \\$a(OCoLC)213300019
=040  \\$aUND$beng$cUND$dCUS$dCUI$dHNK$dCLU$dOCLCQ$dBUF$dOCLCQ$dUk$erda
=042  \\$apcc$aukblsr
=050  \4$aQE1$b.I465
=082  04$a551.0151$223
=222  \0$aMathematical geosciences$b(Online)
=245  00$aMathematical geosciences.
=260  \\$a[Berlin, Germany] :$bSpringer Berlin Heidelberg
=310  \\$aEight issues yearly
=336  \\$atext$btxt$2rdacontent
=337  \\$acomputer$bc$2rdamedia
=338  \\$aonline resource$bcr$2rdacarrier
=362  0\$aVolume 40, issue 1 (January 2008)-
=538  \\$aMode of access: World Wide Web.
=550  \\$aOfficial journal of: The International Association for Mathematical Geology.
=580  \\$aIncludes issues of earlier title: Mathematical geology.
=588  \\$aDescription based on first issue; title from contents screen (publisher's Web site, viewed Mar. 10, 2008).
=588  \\$aLatest issue consulted: volume 45, issue 7 (October 2013), (SpringerLink, viewed Oct. 9, 2013).
=540  \\$aCurrent copyright fee: GBP29.95$c22\1$5Uk
=650  \0$aGeology$xMathematics$vPeriodicals.
=655  \0$aElectronic journals.
=710  2\$aInternational Association for Mathematical Geology.
=776  08$iPrint version:$tMathematical geosciences$x1874-8961
=780  10$tMathematical geology (Online)$x1573-8868
=856  \\$31850-9999$uhttp://www.springer.com/gb/$xBLDSS
=856  40$uhttp://link.springer.com/journal/11004
=856  40$uhttp://www.springerlink.com/openurl.asp?genre=journal&issn=1874-8961
=859  \\$aXLD$bejournal
=852  41$aBritish Library$bDSC$j5402.205000$3Volume 40:Issue 1(2008)-Volume 50:Issue 2(2018)***See ESTAR for full holdings.
=945  \\$aMathematical geosciences
=959  \\$fHeld but not currently received
=979  \\$aBritish Library$bDSC$j5402.205000
=CAT  \\$a7174$b40$c20080205$lBLL01$h1448
=CAT  \\$aIPL-CLA$c20150331$lBLL01$h1656
=CAT  \\$aBATCH-UPD$b00$c20150520$lBLL01$h1751
=CAT  \\$aIPL-CLA$c20150630$lBLL01$h1700
=CAT  \\$aBATCH-UPD$b00$c20150820$lBLL01$h1838
=CAT  \\$aBATCH-UPD$b00$c20150820$lBLL01$h2038
=CAT  \\$aIPL-CLA$c20150930$lBLL01$h1825
=CAT  \\$aBATCH-UPD$b00$c20160217$lBLL01$h1728
=CAT  \\$aIPL-CLA$c20160331$lBLL01$h1748
=CAT  \\$aBATCH-UPD$b00$c20160524$lBLL01$h2212
=CAT  \\$aBATCH-UPD$b00$c20160525$lBLL01$h0033
=CAT  \\$aBATCH-UPD$b00$c20160824$lBLL01$h1756
=CAT  \\$aIPL-CLA$c20160930$lBLL01$h1619
=CAT  \\$aBATCH-UPD$b00$c20170216$lBLL01$h1844
=CAT  \\$aIPL-CLA$c20170331$lBLL01$h1857
=CAT  \\$aBATCH-UPD$b00$c20170904$lBLL01$h1853
=CAT  \\$aIPL-CLA$c20170929$lBLL01$h1743
=CAT  \\$aBATCH-UPD$b00$c20180223$lBLL01$h1723
=CAT  \\$aIPL-CLA$c20180331$lBLL01$h1636
=CAT  \\$aW1805-0475$c20180520$lBLL01$h1632
=CAT  \\$aBATCH-UPD$b00$c20180524$lBLL01$h1714
=CAT  \\$aIPL-CLA$c20180630$lBLL01$h1925
=CAT  \\$aW1908-0780$b00$c20200730$lBLL01$h1331
=CAT  \\$aCDS21$c20220118$lBLL01$h1105
=CAT  \\$aBATCH-UPD$b00$c20221121$lBLL01$h1402
=CAT  \\$aIPL-CLA$c20221231$lBLL01$h1449
=CAT  \\$a5410$b40$c20230319$lBLL01$h1027
=CFI  0\$aCurrent copyright fee: GBP29.95$c22\1$e01-jan-2023$fGBP29.95$g0$hP$5Uk
=CFI  2\$aPrevious copyright fee: GBP34.00$c22\1$e01-jul-2018$fGBP34.00$g0$hP$5Uk
=EST  \\$a1
=FFP  \\$aY$bBLDSS-3PM
=FIN  \\$aY$d20131009
=LKR  \\$aPAR$b014538161$lBLL01$r776$mMathematical geosciences (Online)$nMathematical geosciences (Print)
=LKR  \\$aPAR$b012434352$lBLL01$r780$mMathematical geosciences$nMathematical geology
=MNI  \\$a1874-8961
=SID  \\$aZ39$bOCLC
=TCO  \\$aDEU$bVG WORT$c008
=TOC  \\$aETOC
=UNO  \\$aY
=ACF  \\$aPrevious copyright fee: GBP21.25$c22\3$e01-jan-2009$fGBP21.25$g0$hP$5Uk
=ACF  \\$aPrevious Copyright Fee: GBP16.75$c22\3$e05-feb-2008$fGBP16.75$g0$hP$5Uk
=ACF  \\$aPrevious copyright fee: GBP22.00$c22\3$e01-apr-2009$fGBP22.00$g0$hP$5Uk
=ACF  \\$aPrevious copyright fee: GBP22.00$c22\3$e12-aug-2012$fGBP22.00$g0$hP$5Uk
=ACF  \\$aPrevious copyright fee: GBP25.00$c22\3$e01-jan-2013$fGBP25.00$g0$hP$5Uk
=ACF  \\$aPrevious copyright fee: GBP25.77$c22\3$e01-jul-2013$fGBP25.77$g0$hP$5Uk
=ACF  \\$aPrevious copyright fee: GBP24.97$c22\3$e01-jan-2014$fGBP24.97$g0$hP$5Uk
=ACF  \\$aPrevious copyright fee: GBP24.21$c22\3$e01-jul-2014$fGBP24.21$g0$hP$5Uk
=ACF  \\$aPrevious copyright fee: GBP25.77$c22\3$e01-apr-2015$fGBP25.77$g0$hP$5Uk
=ACF  \\$aPrevious copyright fee: GBP26.63$c22\3$e01-jul-2015$fGBP26.63$g0$hP$5Uk
=ACF  \\$aPrevious copyright fee: GBP25.77$c22\3$e01-oct-2015$fGBP25.77$g0$hP$5Uk
=ACF  \\$aPrevious copyright fee: GBP27.55$c22\3$e01-apr-2016$fGBP27.55$g0$hP$5Uk
=ACF  \\$aPrevious copyright fee: GBP29.59$c22\3$e01-oct-2016$fGBP29.59$g0$hP$5Uk
=ACF  \\$aPrevious copyright fee: GBP31.96$c22\3$e01-apr-2017$fGBP31.96$g0$hP$5Uk
=ACF  \\$aPrevious copyright fee: GBP30.73$c22\3$e01-oct-2017$fGBP30.73$g0$hP$5Uk
=ACF  \\$aPrevious copyright fee: GBP28.54$c22\3$e01-apr-2018$fGBP28.54$g0$hP$5Uk
=LAS  \\$a5410$b40$c20230319$lBLL01$h1027

