=LDR  05687cas a2201249 a 4500
=001  014516459
=003  Uk
=005  20230429124032.0
=006  m\\\\\o\\d\\\\\\\\
=007  cr\cnu||||||||
=008  070226c20079999xxuqr\pso\\\\\0\\\a0eng\c
=FMT  \\$a  SE
=010  \\$a2007214234
=022  0\$a1936-0568$y1936-055X$21
=035  \\$a(OCoLC)85247777$z(OCoLC)166882874
=040  \\$aNSD$beng$cNSD$dOCLCS$dOCLCQ$dAU@$dOCLCQ$dKSU$dDLC$dTXA$dOCLCQ$dOCLCO$dUk
=042  \\$ansdp$aukblsr
=050  10$aISSN RECORD
=050  14$aRC936$b.H443
=082  10$a617.51$223
=130  0\$aHead and neck pathology (Online)
=210  0\$aHead neck pathol.$b(Online)
=222  \0$aHead and neck pathology$b(Online)
=245  10$aHead and neck pathology$h[electronic resource].
=246  13$aHead & neck pathology
=260  \\$aSecaucus, NJ :$bHumana Press
=264  31$a[New York] :$bSpringer US
=310  \\$aQuarterly
=336  \\$atext$2rdacontent
=337  \\$acomputer$2rdamedia
=338  \\$aonline resource$2rdacarrier
=362  1\$aBegan with: Vol. 1, no. 1 (Sept. 2007).
=588  \\$aDescription based on first issue; title from cover image (SpringerLink website, viewed on May 10, 2010).
=588  \\$aLatest issue consulted: volume 7, issue (September 2013) (viewed onSeptember 30, 2013).
=540  \\$aCurrent copyright fee: GBP34.95$c22\1$5Uk
=650  \0$aHead$xPathophysiology$vPeriodicals.
=650  \0$aNeck$xPathophysiology$vPeriodicals.
=650  \0$aHead$xDiseases$vPeriodicals.
=650  \0$aNeck$xDiseases$vPeriodicals.
=776  08$iAlso issued in print as:$tHead and neck pathology$x1936-055X
=710  2\$aAmerican Academy of Oral and Maxillofacial Pathology.
=710  2\$aNorth American Society of Head and Neck Pathology.
=710  2\$aInternational Academy of Oral Pathology.
=856  \\$31850-9999$uhttp://www.springer.com/gb/$xBLDSS
=856  40$uhttp://springerlink.com/content/120733/?p=828cc0fd66164a22a712233db5038639&pi=0
=856  40$uhttp://www.springer.com/medicine/pathology/journal/12105
=856  40$uhttp://www.springerlink.com/openurl.asp?genre=journal&issn=1936-055X
=859  \\$aXLD$bejournal
=852  41$aBritish Library$bDSC$j4274.609800$3Volume 1:Issue 1(2007)-Volume 11:Issue 4(2017)***See ESTAR for full holdings.
=945  \\$aHead and neck pathology
=959  \\$fHeld but not currently received
=979  \\$aBritish Library$bDSC$j4274.609800
=985  \\$aCONFERENCE ANLYTIC RECORDS EXIST
=CAT  \\$a7174$b40$c20080208$lBLL01$h1029
=CAT  \\$aIPL-CLA$c20150630$lBLL01$h1700
=CAT  \\$aBATCH-UPD$b00$c20150820$lBLL01$h1758
=CAT  \\$aIPL-CLA$c20150930$lBLL01$h1825
=CAT  \\$aBATCH-UPD$b00$c20160217$lBLL01$h1646
=CAT  \\$aIPL-CLA$c20160331$lBLL01$h1748
=CAT  \\$aBATCH-UPD$b00$c20160524$lBLL01$h2158
=CAT  \\$aBATCH-UPD$b00$c20160524$lBLL01$h2255
=CAT  \\$aBATCH-UPD$b00$c20160824$lBLL01$h1723
=CAT  \\$aIPL-CLA$c20160930$lBLL01$h1619
=CAT  \\$aBATCH-UPD$b00$c20170216$lBLL01$h1810
=CAT  \\$aIPL-CLA$c20170331$lBLL01$h1857
=CAT  \\$aBATCH-UPD$b00$c20170904$lBLL01$h1812
=CAT  \\$aIPL-CLA$c20170929$lBLL01$h1743
=CAT  \\$aBATCH-UPD$b00$c20180223$lBLL01$h1629
=CAT  \\$aIPL-CLA$c20180331$lBLL01$h1636
=CAT  \\$aW1805-0475$c20180520$lBLL01$h1632
=CAT  \\$aBATCH-UPD$b00$c20180524$lBLL01$h1700
=CAT  \\$aIPL-CLA$c20180630$lBLL01$h1925
=CAT  \\$aW1908-0780$b00$c20200730$lBLL01$h1331
=CAT  \\$a5552$b40$c20210813$lBLL01$h0925
=CAT  \\$aIPL-CLA$c20210930$lBLL01$h1528
=CAT  \\$aCDS21$c20220118$lBLL01$h1105
=CAT  \\$aBATCH-UPD$b00$c20221121$lBLL01$h1411
=CAT  \\$aIPL-CLA$c20221231$lBLL01$h1449
=CAT  \\$a5410$b40$c20230429$lBLL01$h1240
=CFI  0\$aCurrent copyright fee: GBP34.95$c22\1$e01-jan-2023$fGBP34.95$g0$hP$5Uk
=CFI  2\$aPrevious copyright fee: GBP43.00$c22\1$e01-oct-2021$fGBP43.00$g0$hP$5Uk
=EST  \\$a1
=FFP  \\$aY$bBLDSS-3PM
=FIN  \\$aY$d20130930
=MNI  \\$a1936-055X
=SID  \\$aZ39$bOCLC
=TCO  \\$aTRS$bCCC$c008
=TOC  \\$aETOC
=UNO  \\$aY
=ACF  \\$aPrevious copyright fee: GBP21.25$c13\6$e01-jan-2009$fGBP21.25$g0$hP$5Uk
=ACF  \\$aPrevious Copyright Fee: GBP16.75$c13\6$e08-feb-2008$fGBP16.75$g0$hP$5Uk
=ACF  \\$aPrevious copyright fee: GBP22.00$c13\6$e01-apr-2009$fGBP22.00$g0$hP$5Uk
=ACF  \\$aPrevious copyright fee: GBP22.00$c13\6$e12-aug-2012$fGBP22.00$g0$hP$5Uk
=ACF  \\$aPrevious copyright fee: GBP25.00$c13\6$e01-jan-2013$fGBP25.00$g0$hP$5Uk
=ACF  \\$aPrevious copyright fee: GBP25.77$c13\6$e01-jul-2013$fGBP25.77$g0$hP$5Uk
=ACF  \\$aPrevious copyright fee: GBP24.97$c13\6$e01-jan-2014$fGBP24.97$g0$hP$5Uk
=ACF  \\$aPrevious copyright fee: GBP24.21$c13\6$e01-jul-2014$fGBP24.21$g0$hP$5Uk
=ACF  \\$aPrevious copyright fee: GBP25.77$c13\6$e01-apr-2015$fGBP25.77$g0$hP$5Uk
=ACF  \\$aPrevious copyright fee: GBP26.63$c13\6$e01-jul-2015$fGBP26.63$g0$hP$5Uk
=ACF  \\$aPrevious copyright fee: GBP25.77$c13\6$e01-oct-2015$fGBP25.77$g0$hP$5Uk
=ACF  \\$aPrevious copyright fee: GBP27.55$c13\6$e01-apr-2016$fGBP27.55$g0$hP$5Uk
=ACF  \\$aPrevious copyright fee: GBP29.59$c13\6$e01-oct-2016$fGBP29.59$g0$hP$5Uk
=ACF  \\$aPrevious copyright fee: GBP31.96$c13\6$e01-apr-2017$fGBP31.96$g0$hP$5Uk
=ACF  \\$aPrevious copyright fee: GBP30.73$c13\6$e01-oct-2017$fGBP30.73$g0$hP$5Uk
=ACF  \\$aPrevious copyright fee: GBP28.54$c13\6$e01-apr-2018$fGBP28.54$g0$hP$5Uk
=ACF  \\$aPrevious copyright fee: GBP34.00$c22\1$e01-jul-2018$fGBP34.00$g0$hP$5Uk
=LAS  \\$a5410$b40$c20230429$lBLL01$h1240

