=LDR  06267cas a2201381 a 4500
=001  014526720
=003  Uk
=005  20230914081510.0
=006  m\\\\\o\\d\\\\\\\\
=007  cr\cnu||||||||
=008  040607c20049999vauqx\pso\\\\\0\\\a0eng\c
=FMT  \\$a  SE
=010  \\$a2004212722
=016  7\$a101223209$2DNLM
=022  0\$a1550-7416$l1550-7416$21
=035  \\$a(OCoLC)55603053$z(OCoLC)64253087
=040  \\$aNSD$beng$cNSD$dNLM$dSBH$dCUS$dNSD$dDLC$dCDS$dOCLCQ$dCUS$dMUQ$dVRC$dOCLCQ$dCUS$dBUF$dUk
=042  \\$ansdp$aukblsr
=050  00$aRS199.5
=060  10$aW1
=082  04$a615.1$223
=210  10$aAAPS J
=222  \4$aThe AAPS journal
=245  04$aThe AAPS journal$h[electronic resource].
=246  13$aAAPSJ
=246  3\$aAmerican Association of Pharmaceutical Scientists journal
=260  \\$aArlington, Va., USA :$bAmerican Association of Pharmaceutical Scientists,$c2003-
=264  31$a[United States] :$bSpringer US
=310  \\$aFour no. a year
=336  \\$atext$2rdacontent
=337  \\$acomputer$2rdamedia
=338  \\$aonline resource$2rdacarrier
=362  0\$aVol. 6, issue 03-
=525  \\$aVols. have an extra no. designated "S1" which contains abstracts for that year's AAPS annual meeting.
=530  \\$aAnnual meeting abstracts also issued on CD-ROM with title: The AAPS journal. Annual meeting abstracts.
=538  \\$aMode of access: World Wide Web.
=580  \\$aWeb site also provides access to earlier title: AAPS PharmSci.
=588  \\$aTitle from issue caption (publisher's Web site, viewed Aug. 16, 2004).
=588  \\$aLatest issue consulted: volume 14, issue 4 (December 2012), viewed Oct. 15, 2013.
=540  \\$aCurrent copyright fee: GBP34.95$c22\1$5Uk
=650  \0$aDrug delivery systems$vPeriodicals.
=650  \0$aPharmaceutical technology$vPeriodicals.
=650  \0$aDrugs$xAdministration$vPeriodicals.
=650  12$aPharmaceutical Preparations$vPeriodicals.
=650  22$aDrug Therapy$vPeriodicals.
=650  22$aTechnology, Pharmaceutical$vPeriodicals.
=650  \6$aMédicaments$xAdministration$xDispositifs$vPériodiques.
=650  \6$aTechniques pharmaceutiques$vPériodiques.
=650  \6$aMédicaments$xAdministration$vPériodiques.
=710  2\$aAmerican Association of Pharmaceutical Scientists.
=740  0\$aAAPS annual meeting abstracts.
=770  0\$tAAPS journal. Annual meeting abstracts$x1551-1081
=780  00$tAAPS PharmSci$x1522-1059
=856  \\$31850-9999$uhttp://www.springer.com/gb/$xBLDSS
=856  40$uhttp://bibpurl.oclc.org/web/6892
=856  40$uhttp://link.springer.com/journal/12248
=856  40$uhttp://www.ncbi.nlm.nih.gov/pmc/journals/792/
=859  \\$aXLD$bejournal
=852  41$aBritish Library$bDSC$j0537.513440$3Volume 1:Issue 2(1999)-Volume 20:Issue 3(2018)***See ESTAR for full holdings.
=945  \\$aAAPS journal.
=959  \\$fHeld but not currently received
=979  \\$aBritish Library$bDSC$j0537.513440
=985  \\$aCONFERENCE ANALYTIC RECORDS EXIST
=CAT  \\$a7174$b40$c20080221$lBLL01$h1049
=CAT  \\$aIPL-CLA$c20150630$lBLL01$h1700
=CAT  \\$aBATCH-UPD$b00$c20150820$lBLL01$h1846
=CAT  \\$aIPL-CLA$c20150930$lBLL01$h1826
=CAT  \\$aBATCH-UPD$b00$c20160217$lBLL01$h1738
=CAT  \\$aIPL-CLA$c20160331$lBLL01$h1748
=CAT  \\$aBATCH-UPD$b00$c20160524$lBLL01$h2212
=CAT  \\$aBATCH-UPD$b00$c20160525$lBLL01$h0033
=CAT  \\$aBATCH-UPD$b00$c20160824$lBLL01$h1804
=CAT  \\$aIPL-CLA$c20160930$lBLL01$h1619
=CAT  \\$aBATCH-UPD$b00$c20170216$lBLL01$h1853
=CAT  \\$aIPL-CLA$c20170331$lBLL01$h1857
=CAT  \\$aBATCH-UPD$b00$c20170904$lBLL01$h1903
=CAT  \\$aIPL-CLA$c20170929$lBLL01$h1743
=CAT  \\$aBATCH-UPD$b00$c20180223$lBLL01$h1736
=CAT  \\$aIPL-CLA$c20180331$lBLL01$h1636
=CAT  \\$aW1805-0475$c20180520$lBLL01$h1632
=CAT  \\$aBATCH-UPD$b00$c20180524$lBLL01$h1722
=CAT  \\$aIPL-CLA$c20180630$lBLL01$h1925
=CAT  \\$aW1908-0780$b00$c20200730$lBLL01$h1331
=CAT  \\$a5552$b40$c20210810$lBLL01$h0839
=CAT  \\$aIPL-CLA$c20210930$lBLL01$h1528
=CAT  \\$aCDS21$c20220118$lBLL01$h1105
=CAT  \\$aBATCH-UPD$b00$c20221121$lBLL01$h1411
=CAT  \\$aIPL-CLA$c20221231$lBLL01$h1449
=CAT  \\$a5410$b40$c20230519$lBLL01$h1925
=CAT  \\$a5410$b40$c20230914$lBLL01$h0815
=CFI  0\$aCurrent copyright fee: GBP34.95$c22\1$e01-jan-2023$fGBP34.95$g0$hP$5Uk
=CFI  2\$aPrevious copyright fee: GBP43.00$c22\1$e01-oct-2021$fGBP43.00$g0$hP$5Uk
=EST  \\$a1
=FFP  \\$aY$bBLDSS-3PM
=FIN  \\$aY$d20131015
=MNI  \\$a1550-7416
=SID  \\$aZ39$bOCLC
=TCO  \\$aTRS$bCCC$c008
=TOC  \\$aETOC
=UNO  \\$aY
=ACF  \\$aPrevious copyright fee: GBP21.25$c22\8$e01-jan-2009$fGBP21.25$g0$hP$5Uk
=ACF  \\$aPrevious Copyright Fee: GBP16.75$c22\8$e21-feb-2008$fGBP16.75$g0$hP$5Uk
=ACF  \\$aPrevious copyright fee: GBP22.00$c22\8$e01-apr-2009$fGBP22.00$g0$hP$5Uk
=ACF  \\$aPrevious copyright fee: GBP22.00$c22\8$e12-aug-2012$fGBP22.00$g0$hP$5Uk
=ACF  \\$aPrevious copyright fee: GBP25.00$c22\8$e01-jan-2013$fGBP25.00$g0$hP$5Uk
=ACF  \\$aPrevious copyright fee: GBP25.77$c22\8$e01-jul-2013$fGBP25.77$g0$hP$5Uk
=ACF  \\$aPrevious copyright fee: GBP24.97$c22\8$e01-jan-2014$fGBP24.97$g0$hP$5Uk
=ACF  \\$aPrevious copyright fee: GBP24.21$c22\8$e01-jul-2014$fGBP24.21$g0$hP$5Uk
=ACF  \\$aPrevious copyright fee: GBP25.77$c22\8$e01-apr-2015$fGBP25.77$g0$hP$5Uk
=ACF  \\$aPrevious copyright fee: GBP26.63$c22\8$e01-jul-2015$fGBP26.63$g0$hP$5Uk
=ACF  \\$aPrevious copyright fee: GBP25.77$c22\8$e01-oct-2015$fGBP25.77$g0$hP$5Uk
=ACF  \\$aPrevious copyright fee: GBP27.55$c22\8$e01-apr-2016$fGBP27.55$g0$hP$5Uk
=ACF  \\$aPrevious copyright fee: GBP29.59$c22\8$e01-oct-2016$fGBP29.59$g0$hP$5Uk
=ACF  \\$aPrevious copyright fee: GBP31.96$c22\8$e01-apr-2017$fGBP31.96$g0$hP$5Uk
=ACF  \\$aPrevious copyright fee: GBP30.73$c22\8$e01-oct-2017$fGBP30.73$g0$hP$5Uk
=ACF  \\$aPrevious copyright fee: GBP28.54$c22\8$e01-apr-2018$fGBP28.54$g0$hP$5Uk
=ACF  \\$aPrevious copyright fee: GBP34.00$c22\1$e01-jul-2018$fGBP34.00$g0$hP$5Uk
=LAS  \\$a5410$b40$c20230914$lBLL01$h0815

