=LDR  05232cas a2201117 a 4500
=001  014535836
=003  Uk
=005  20230422114936.0
=006  m\\\\\o\\d\\\\\\\\
=007  cr\|||||||||||
=008  080320c20009999ko\br\pso\\\\\0\\\a0eng\c
=FMT  \\$a  SE
=010  \\$a2008262273
=022  \\$a1976-3832$l1229-9138$y1229-9138
=035  \\$a(OCoLC)213486205
=040  \\$aCGU$beng$cCGU$dCGU$dMYG$dOCLCQ$dOCLCA$dOCLCQ$dUk
=042  \\$aukblsr
=050  14$aTL158$b.I586
=082  04$a629.2$223
=222  \0$aInternational journal of automotive technology$b(Seoul. Online)
=245  00$aInternational journal of automotive technology$h[electronic resource].
=260  \\$aSeoul :$bKorea Society of Automotive Engineers
=264  31$a[Germany] :$bSpringer Berlin Heidelberg
=336  \\$atext$2rdacontent
=337  \\$acomputer$2rdamedia
=338  \\$aonline resource$2rdacarrier
=362  1\$aBegan in 2000?
=588  \\$aDescription based on: Vol. 9, no. 1 (Feb. 2008); title from PDF running title (SpringerLink, viewed on Mar. 20, 2008).
=588  \\$aLatest issue consulted: volume 14, issue 5 (October 2013), viewed Oct. 15, 2013.
=540  \\$aCurrent copyright fee: GBP29.95$c22\1$5Uk
=650  \0$aAutomobiles$xDesign and construction$xResearch$vPeriodicals.
=710  2\$aHan'guk Chadongch'a Konghakhoe.
=776  08$iPrint version:$tInternational journal of automotive technology$x1229-9138
=856  \\$31850-9999$uhttp://www.springer.com/gb/$xBLDSS
=856  40$uhttp://link.springer.com/journal/12239
=856  40$uhttp://springerlink.com/content/120951/
=859  \\$aXLD$bejournal
=852  41$aBritish Library$bDSC$j4542.125100$3Volume 9:Issue 1(2008)-Volume 19:Issue 2(2018)***See ESTAR for full holdings.
=945  \\$aInternational journal of automotive technology
=959  \\$fHeld but not currently received
=979  \\$aBritish Library$bDSC$j4542.125100
=CAT  \\$a7174$b40$c20080304$lBLL01$h1028
=CAT  \\$aBATCH-UPD$b00$c20150219$lBLL01$h1847
=CAT  \\$aIPL-CLA$c20150331$lBLL01$h1656
=CAT  \\$aBATCH-UPD$b00$c20150520$lBLL01$h1839
=CAT  \\$aIPL-CLA$c20150630$lBLL01$h1700
=CAT  \\$aBATCH-UPD$b00$c20150820$lBLL01$h1920
=CAT  \\$aIPL-CLA$c20150930$lBLL01$h1826
=CAT  \\$aBATCH-UPD$b00$c20160217$lBLL01$h1815
=CAT  \\$aIPL-CLA$c20160331$lBLL01$h1748
=CAT  \\$aBATCH-UPD$b00$c20160524$lBLL01$h2245
=CAT  \\$aBATCH-UPD$b00$c20160525$lBLL01$h0511
=CAT  \\$aBATCH-UPD$b00$c20160824$lBLL01$h1840
=CAT  \\$aIPL-CLA$c20160930$lBLL01$h1619
=CAT  \\$aBATCH-UPD$b00$c20170216$lBLL01$h1923
=CAT  \\$aIPL-CLA$c20170331$lBLL01$h1857
=CAT  \\$aBATCH-UPD$b00$c20170904$lBLL01$h1944
=CAT  \\$aIPL-CLA$c20170929$lBLL01$h1743
=CAT  \\$aBATCH-UPD$b00$c20180223$lBLL01$h1823
=CAT  \\$aIPL-CLA$c20180331$lBLL01$h1636
=CAT  \\$aW1805-0475$c20180520$lBLL01$h1632
=CAT  \\$aBATCH-UPD$b00$c20180524$lBLL01$h1741
=CAT  \\$aIPL-CLA$c20180630$lBLL01$h1925
=CAT  \\$aW1908-0780$b00$c20200730$lBLL01$h1331
=CAT  \\$aCDS21$c20220118$lBLL01$h1105
=CAT  \\$aBATCH-UPD$b00$c20221121$lBLL01$h1402
=CAT  \\$aIPL-CLA$c20221231$lBLL01$h1449
=CAT  \\$a5410$b40$c20230422$lBLL01$h1149
=CFI  0\$aCurrent copyright fee: GBP29.95$c22\1$e01-jan-2023$fGBP29.95$g0$hP$5Uk
=CFI  2\$aPrevious copyright fee: GBP34.00$c22\1$e01-jul-2018$fGBP34.00$g0$hP$5Uk
=EST  \\$a1
=FFP  \\$aY$bBLDSS-3PM
=FIN  \\$aY$d20131015
=LKR  \\$aPAR$b009858291$lBLL01$r776$mInternational journal of automotive technology (Online)$nInternational journal of automotive technology (Print).
=MNI  \\$a1229-9138
=SID  \\$aZ39$bOCLC
=TCO  \\$aXXX$c008
=TOC  \\$aETOC
=UNO  \\$aY
=ACF  \\$aPrevious copyright fee: GBP21.25$c41\1$e01-jan-2009$fGBP21.25$g0$hP$5Uk
=ACF  \\$aPrevious Copyright Fee: GBP16.75$c41\1$e04-mar-2008$fGBP16.75$g0$hP$5Uk
=ACF  \\$aPrevious copyright fee: GBP22.00$c41\1$e01-apr-2009$fGBP22.00$g0$hP$5Uk
=ACF  \\$aPrevious copyright fee: GBP22.00$c41\1$e12-aug-2012$fGBP22.00$g0$hP$5Uk
=ACF  \\$aPrevious copyright fee: GBP25.00$c41\1$e01-jan-2013$fGBP25.00$g0$hP$5Uk
=ACF  \\$aPrevious copyright fee: GBP25.77$c41\1$e01-jul-2013$fGBP25.77$g0$hP$5Uk
=ACF  \\$aPrevious copyright fee: GBP24.97$c41\1$e01-jan-2014$fGBP24.97$g0$hP$5Uk
=ACF  \\$aPrevious copyright fee: GBP24.21$c41\1$e01-jul-2014$fGBP24.21$g0$hP$5Uk
=ACF  \\$aPrevious copyright fee: GBP25.77$c41\1$e01-apr-2015$fGBP25.77$g0$hP$5Uk
=ACF  \\$aPrevious copyright fee: GBP26.63$c41\1$e01-jul-2015$fGBP26.63$g0$hP$5Uk
=ACF  \\$aPrevious copyright fee: GBP25.77$c41\1$e01-oct-2015$fGBP25.77$g0$hP$5Uk
=ACF  \\$aPrevious copyright fee: GBP27.55$c41\1$e01-apr-2016$fGBP27.55$g0$hP$5Uk
=ACF  \\$aPrevious copyright fee: GBP29.59$c41\1$e01-oct-2016$fGBP29.59$g0$hP$5Uk
=ACF  \\$aPrevious copyright fee: GBP31.96$c41\1$e01-apr-2017$fGBP31.96$g0$hP$5Uk
=ACF  \\$aPrevious copyright fee: GBP30.73$c41\1$e01-oct-2017$fGBP30.73$g0$hP$5Uk
=ACF  \\$aPrevious copyright fee: GBP28.54$c41\1$e01-apr-2018$fGBP28.54$g0$hP$5Uk
=LAS  \\$a5410$b40$c20230422$lBLL01$h1149

