=LDR  04189cas a2200973 i 4500
=001  014563507
=003  Uk
=005  20221231144910.0
=006  m\\\\\\\\d\\\\\\\\
=007  cr||||||||||||
=008  080313c19969999enkqr\p\s\\\\\0\\\a0eng\\
=FMT  \\$a  SE
=022  \\$a1876-4231$y1226-3192
=040  \\$aUk$beng$cUk$erda
=042  \\$aukblsr
=082  04$a519.505$223
=222  \0$aJournal of the Korean Statistical Society$b(Online)
=245  00$aJournal of the Korean Statistical Society.
=264  \1$aSeoul :$bKorean Statistical Society,$c1996-
=264  31$32008-$a[Oxford] :$bElsevier
=310  \\$aQuarterly
=336  \\$atext$2rdacontent
=337  \\$acomputer$2rdamedia
=338  \\$aonline resource$2rdacarrier
=362  1\$aPrint began in 1996.
=550  \\$aOfficial journal of the Korean Statistical Society.
=588  \\$aDescription based on print version record.
=588  \\$aLatest issue consulted: volume 46, issue 4 (December 2017).
=540  \\$aCurrent copyright fee: GBP29.95$c22\1$5Uk
=650  \0$aStatistics$vPeriodicals.
=710  2\$aHanʾguk Tʿonggye Hakhoe,$eissuing body.
=776  08$iAlso issued in print as:$tJournal of the Korean Statistical Society$x1226-3192
=780  00$tTonggye yŏngu
=859  \\$aXLD$bejournal
=856  \\$31850-9999$uhttp://link.springer.com/$xBLDSS
=856  4\$uhttps://www.journals.elsevier.com/journal-of-the-korean-statistical-society
=856  40$uhttps://www.sciencedirect.com/journal/journal-of-the-korean-statistical-society
=852  41$aBritish Library$bDSC$j4812.348700$3Volume 37:Issue 1(2008)-Volume 40:Issue 1(2011)***Access via link to publisher website 2020
=945  \\$aJournal- Korean Statistical Society
=959  \\$fHeld but not currently received
=CAT  \\$a7174$b40$c20080313$lBLL01$h1440
=CAT  \\$aBATCH-CLA$b00$c20121109$lBLL01$h1723
=CAT  \\$aBATCH-UPD$b00$c20121121$lBLL01$h1659
=CAT  \\$aIPL-CLA$c20121231$lBLL01$h1325
=CAT  \\$aIPL-CLA$c20130102$lBLL01$h1755
=CAT  \\$aBATCH-CLA$b00$c20140125$lBLL01$h1306
=CAT  \\$aBATCH-CLA$c20140225$lBLL01$h2333
=CAT  \\$aBLDSS-3PM$b00$c20141222$lBLL01$h1717
=CAT  \\$a5552$b40$c20160202$lBLL01$h0907
=CAT  \\$aBATCH-UPD$b40$c20170304$lBLL01$h1225
=CAT  \\$aBATCH-UPD$b40$c20171121$lBLL01$h1749
=CAT  \\$aIPL-CLA$c20171231$lBLL01$h1732
=CAT  \\$a10973$b40$c20180108$lBLL01$h1540
=CAT  \\$aBATCH-UPD$b40$c20190521$lBLL01$h1441
=CAT  \\$aIPL-CLA$c20190630$lBLL01$h1540
=CAT  \\$a5552$b40$c20191129$lBLL01$h1157
=CAT  \\$aIPL-CLA$c20191231$lBLL01$h2003
=CAT  \\$aDEL-3PM$c20200108$lBLL01$h0853
=CAT  \\$a12654$b40$c20200804$lBLL01$h1224
=CAT  \\$a12654$b40$c20200804$lBLL01$h1225
=CAT  \\$aBATCH-UNOA$c20200804$lBLL01$h2120
=CAT  \\$aBLDSS-3PM$b00$c20200811$lBLL01$h1141
=CAT  \\$aBATCH-UPD$b00$c20200811$lBLL01$h1142
=CAT  \\$aCDS21$c20220118$lBLL01$h1105
=CAT  \\$aBATCH-UPD$b00$c20221121$lBLL01$h1402
=CAT  \\$aIPL-CLA$c20221231$lBLL01$h1449
=CFI  0\$aCurrent copyright fee: GBP29.95$c22\1$e01-jan-2023$fGBP29.95$g0$hP$5Uk
=CFI  2\$aPrevious Copyright Fee: GBP34.00$c22\1$e04-aug-2020$fGBP34.00$g0$hP$5Uk
=EST  \\$a1
=FFP  \\$aY$bBLDSS-3PM
=FIN  \\$aY$d20180108
=LKR  \\$aPAR$b010486177$lBLL01$r776$mJournal of the Korean Statistical Society (Online)$nJournal of the Korean Statistical Society
=MNI  \\$a1226-3192
=TCO  \\$aXXX$c008
=TOC  \\$aETOC
=UNO  \\$aY
=ACF  \\$aPrevious Copyright Fee: GBP19.00$c5\1$e13-mar-2008$fGBP19.00$g0$hP$5Uk
=ACF  \\$aPrevious copyright fee: GBP20.00$c5\1$e01-jan-2009$fGBP20.00$g0$hP$5Uk
=ACF  \\$aPrevious copyright fee: GBP21.00$c5\1$e01-jan-2012$fGBP21.00$g0$hP$5Uk
=ACF  \\$aPrevious copyright fee: GBP22.50$c5\1$e01-jan-2013$fGBP22.50$g0$hP$5Uk
=ACF  \\$aPrevious copyright fee: GBP23.40$c5\1$e01-jan-2018$fGBP23.40$g0$hP$5Uk
=ACF  \\$aPrevious Copyright Fee: GBP20.00$c0$e01-jan-2020$fGBP20.00$g0$hA$5Uk
=ACF  \\$aPrevious copyright fee: GBP32.84$c5\1$e01-jul-2019$fGBP32.84$g0$hP$5Uk
=LAS  \\$aIPL-CLA$b00$c20221231$lBLL01$h1449

