=LDR  05657cas a2201225 a 4500
=001  014574252
=003  Uk
=005  20230319101333.0
=006  m\\\\\o\\d\\\\\\\\
=007  cr\cnu||||||||
=008  041115c19969999ko\br\pso\\\\\0\\\a0eng\c
=FMT  \\$a  SE
=010  \\$a2009247789
=022  \\$a1976-3816$l1226-8372$y1226-8372
=035  \\$a(OCoLC)56971156
=040  \\$aGZM$beng$cGZM$dOCLCQ$dCGU$dOCLCA$dPFM$dOCLCQ$dUk
=042  \\$aukblsr
=082  04$a660.6$223
=130  0\$aBiotechnology and bioprocess engineering (Online)
=222  \0$aBiotechnology and bioprocess engineering$b(Seoul. Online)
=245  10$aBiotechnology and bioprocess engineering$h[electronic resource].
=246  3\$aBBE
=260  \\$aSeoul :$bKorean Society for Biotechnology and Bioengineering
=264  31$a[Germany] :$bSpringer Berlin Heidelberg
=310  \\$aBimonthly
=336  \\$atext$2rdacontent
=337  \\$acomputer$2rdamedia
=338  \\$aonline resource$2rdacarrier
=362  1\$aPring began with Volume 1, issue 1 (December 1996)-
=538  \\$aMode of access: World Wide Web.
=588  \\$aDescription based on v. 4, no. 1 (1999); title from contents screen (viewed Nov. 15, 2004).
=588  \\$aLatest issue consulted: volume 18, issue 5 (September 2013)(SpringerLink Web site, viewed Oct. 20, 2013).
=540  \\$aCurrent copyright fee: GBP29.95$c22\1$5Uk
=650  \0$aBiotechnology$vPeriodicals.
=650  \0$aBiochemical engineering$vPeriodicals.
=650  12$aBiotechnology$vPeriodicals.
=650  22$aBiomedical Engineering$vPeriodicals.
=650  22$aBiomedical Technology$vPeriodicals.
=710  2\$aHanʾguk Saengmul Konghakhoe.
=776  08$iPrint version:$tBiotechnology and bioprocess engineering$x1226-8372
=856  \\$31850-9999$uhttp://www.springer.com/gb/$xBLDSS
=856  40$uhttp://springerlink.com/content/120953/
=856  40$uhttp://www.bbe.or.kr/ksbb_bbe/home/indexofbbe.asp
=856  40$uhttp://www.bbe.or.kr/ksbb_bbe/index.asp
=859  \\$aXLD$bejournal
=852  41$aBritish Library$bDSC$j2089.860302$3Volume 4:Issue 1(1999)-Volume 23:Issue 1(2018)***See ESTAR for full holdings.
=945  \\$aBiotechnology and bioprocess engineering
=959  \\$fHeld but not currently received
=979  \\$aBritish Library$bDSC$j2089.860302
=CAT  \\$a7174$b40$c20080401$lBLL01$h1443
=CAT  \\$aBATCH-UPD$b00$c20150219$lBLL01$h1847
=CAT  \\$aIPL-CLA$c20150331$lBLL01$h1657
=CAT  \\$aBATCH-UPD$b00$c20150520$lBLL01$h1839
=CAT  \\$aIPL-CLA$c20150630$lBLL01$h1701
=CAT  \\$aBATCH-UPD$b00$c20150820$lBLL01$h1920
=CAT  \\$aIPL-CLA$c20150930$lBLL01$h1826
=CAT  \\$aBATCH-UPD$b00$c20160217$lBLL01$h1815
=CAT  \\$aIPL-CLA$c20160331$lBLL01$h1749
=CAT  \\$aBATCH-UPD$b00$c20160524$lBLL01$h2245
=CAT  \\$aBATCH-UPD$b00$c20160525$lBLL01$h0512
=CAT  \\$aBATCH-UPD$b00$c20160824$lBLL01$h1840
=CAT  \\$aIPL-CLA$c20160930$lBLL01$h1620
=CAT  \\$aBATCH-UPD$b00$c20170216$lBLL01$h1923
=CAT  \\$aIPL-CLA$c20170331$lBLL01$h1858
=CAT  \\$aBATCH-UPD$b00$c20170904$lBLL01$h1944
=CAT  \\$aIPL-CLA$c20170929$lBLL01$h1744
=CAT  \\$aBATCH-UPD$b00$c20180223$lBLL01$h1824
=CAT  \\$aIPL-CLA$c20180331$lBLL01$h1637
=CAT  \\$aW1805-0475$c20180520$lBLL01$h1632
=CAT  \\$aBATCH-UPD$b00$c20180524$lBLL01$h1741
=CAT  \\$aIPL-CLA$c20180630$lBLL01$h1925
=CAT  \\$aW1908-0780$b00$c20200730$lBLL01$h1331
=CAT  \\$aCDS21$c20220118$lBLL01$h1105
=CAT  \\$aBATCH-UPD$b00$c20221121$lBLL01$h1402
=CAT  \\$aIPL-CLA$c20221231$lBLL01$h1449
=CAT  \\$a5410$b40$c20230319$lBLL01$h1012
=CAT  \\$a5410$b40$c20230319$lBLL01$h1013
=CFI  0\$aCurrent copyright fee: GBP29.95$c22\1$e01-jan-2023$fGBP29.95$g0$hP$5Uk
=CFI  2\$aPrevious copyright fee: GBP34.00$c22\1$e01-jul-2018$fGBP34.00$g0$hP$5Uk
=EST  \\$a1
=FFP  \\$aY$bBLDSS-3PM
=FIN  \\$aY$d20131030
=LKR  \\$aPAR$b011101876$lBLL01$r776$mBiotechnology and bioprocess engineering (Online)$nBiotechnology and bioprocess engineering (Print)
=MNI  \\$a1226-8372
=SID  \\$aZ39$bOCLC
=TCO  \\$aXXX$c008
=TOC  \\$aETOC
=UNO  \\$aY
=ACF  \\$aPrevious copyright fee: GBP21.25$c41\1$e01-jan-2009$fGBP21.25$g0$hP$5Uk
=ACF  \\$aPrevious Copyright Fee: GBP16.75$c41\1$e01-apr-2008$fGBP16.75$g0$hP$5Uk
=ACF  \\$aPrevious copyright fee: GBP22.00$c41\1$e01-apr-2009$fGBP22.00$g0$hP$5Uk
=ACF  \\$aPrevious copyright fee: GBP22.00$c41\1$e12-aug-2012$fGBP22.00$g0$hP$5Uk
=ACF  \\$aPrevious copyright fee: GBP25.00$c41\1$e01-jan-2013$fGBP25.00$g0$hP$5Uk
=ACF  \\$aPrevious copyright fee: GBP25.77$c41\1$e01-jul-2013$fGBP25.77$g0$hP$5Uk
=ACF  \\$aPrevious copyright fee: GBP24.97$c41\1$e01-jan-2014$fGBP24.97$g0$hP$5Uk
=ACF  \\$aPrevious copyright fee: GBP24.21$c41\1$e01-jul-2014$fGBP24.21$g0$hP$5Uk
=ACF  \\$aPrevious copyright fee: GBP25.77$c41\1$e01-apr-2015$fGBP25.77$g0$hP$5Uk
=ACF  \\$aPrevious copyright fee: GBP26.63$c41\1$e01-jul-2015$fGBP26.63$g0$hP$5Uk
=ACF  \\$aPrevious copyright fee: GBP25.77$c41\1$e01-oct-2015$fGBP25.77$g0$hP$5Uk
=ACF  \\$aPrevious copyright fee: GBP27.55$c41\1$e01-apr-2016$fGBP27.55$g0$hP$5Uk
=ACF  \\$aPrevious copyright fee: GBP29.59$c41\1$e01-oct-2016$fGBP29.59$g0$hP$5Uk
=ACF  \\$aPrevious copyright fee: GBP31.96$c41\1$e01-apr-2017$fGBP31.96$g0$hP$5Uk
=ACF  \\$aPrevious copyright fee: GBP30.73$c41\1$e01-oct-2017$fGBP30.73$g0$hP$5Uk
=ACF  \\$aPrevious copyright fee: GBP28.54$c41\1$e01-apr-2018$fGBP28.54$g0$hP$5Uk
=LAS  \\$a5410$b40$c20230319$lBLL01$h1013

