=LDR  04586cas a2201033 i 4500
=001  014603897
=003  Uk
=005  20230322103629.0
=006  m\\\\\\\\d\\\\\\\\
=007  cr\|||||||||||
=008  080501c20089999ne\tr\p\s\\\\\0\\\a0eng\\
=FMT  \\$a  SE
=022  0\$a1875-1350$y1875-1342
=040  \\$aUk$beng$cUk$erda
=042  \\$aukblsr
=082  04$a570.14$223
=222  \0$aBiosemiotics$b(Online)
=245  00$aBiosemiotics.
=264  \1$aDordrecht :$bSpringer,$c2008-
=310  \\$aThree times a year
=336  \\$atext$2rdacontent
=337  \\$acomputer$2rdamedia
=338  \\$aonline resource$2rdacarrier
=362  0\$aVolume 1, issue 1 (April 2008)-
=500  \\$aTitle from pdf article running title (SpringerLink, viewed July 18, 2013).
=588  \\$aLatest issue consulted: volume 6, issue 1 (April 2013); (viewed July 18, 2013).
=540  \\$aCurrent copyright fee: GBP29.95$c22\1$5Uk
=650  \0$aBiology$xSemiotics$vPeriodicals.
=776  08$iAlso issued in print as:$tBiosemiotics$x1875-1342
=856  \\$31850-9999$uhttp://www.springer.com/gb/$xBLDSS
=856  40$uhttp://link.springer.com/journal/12304
=859  \\$aXLD$bejournal
=852  41$aBritish Library$bDSC$j2089.611890$3Volume 1:Issue 1(2008)-Volume 10:Issue 3(2017)***See ESTAR for full holdings.
=945  \\$aBiosemiotics
=959  \\$fHeld but not currently received
=979  \\$aBritish Library$bDSC$j2089.611890
=CAT  \\$a7174$b40$c20080501$lBLL01$h1122
=CAT  \\$aBATCH-UPD$b00$c20150219$lBLL01$h1743
=CAT  \\$aIPL-CLA$c20150331$lBLL01$h1657
=CAT  \\$aBATCH-UPD$b00$c20150520$lBLL01$h1751
=CAT  \\$aIPL-CLA$c20150630$lBLL01$h1701
=CAT  \\$aBATCH-UPD$b00$c20150820$lBLL01$h1838
=CAT  \\$aIPL-CLA$c20150930$lBLL01$h1827
=CAT  \\$aBATCH-UPD$b00$c20160217$lBLL01$h1728
=CAT  \\$aIPL-CLA$c20160331$lBLL01$h1749
=CAT  \\$aBATCH-UPD$b00$c20160524$lBLL01$h2212
=CAT  \\$aBATCH-UPD$b00$c20160525$lBLL01$h0034
=CAT  \\$aBATCH-UPD$b00$c20160824$lBLL01$h1756
=CAT  \\$aIPL-CLA$c20160930$lBLL01$h1620
=CAT  \\$aBATCH-UPD$b00$c20170216$lBLL01$h1844
=CAT  \\$aIPL-CLA$c20170331$lBLL01$h1858
=CAT  \\$aBATCH-UPD$b00$c20170904$lBLL01$h1853
=CAT  \\$aIPL-CLA$c20170929$lBLL01$h1744
=CAT  \\$aBATCH-UPD$b00$c20180223$lBLL01$h1723
=CAT  \\$aIPL-CLA$c20180331$lBLL01$h1637
=CAT  \\$aW1805-0475$c20180520$lBLL01$h1632
=CAT  \\$aBATCH-UPD$b00$c20180524$lBLL01$h1714
=CAT  \\$aIPL-CLA$c20180630$lBLL01$h1926
=CAT  \\$aW1908-0780$b00$c20200730$lBLL01$h1331
=CAT  \\$aCDS21$c20220118$lBLL01$h1105
=CAT  \\$aBATCH-UPD$b00$c20221121$lBLL01$h1403
=CAT  \\$aIPL-CLA$c20221231$lBLL01$h1449
=CAT  \\$a5410$b40$c20230322$lBLL01$h1036
=CFI  0\$aCurrent copyright fee: GBP29.95$c22\1$e01-jan-2023$fGBP29.95$g0$hP$5Uk
=CFI  2\$aPrevious copyright fee: GBP34.00$c22\1$e01-jul-2018$fGBP34.00$g0$hP$5Uk
=EST  \\$a1
=FFP  \\$aY$bBLDSS-3PM
=FIN  \\$aY$d20130718
=MNI  \\$a1875-1342
=TCO  \\$aNLD$bSTICHTING REPRORECHT$c008
=TOC  \\$aETOC
=UNO  \\$aY
=ACF  \\$aPrevious copyright fee: GBP21.25$c22\3$e01-jan-2009$fGBP21.25$g0$hP$5Uk
=ACF  \\$aPrevious Copyright Fee: GBP16.75$c22\3$e01-may-2008$fGBP16.75$g0$hP$5Uk
=ACF  \\$aPrevious copyright fee: GBP22.00$c22\3$e01-apr-2009$fGBP22.00$g0$hP$5Uk
=ACF  \\$aPrevious copyright fee: GBP22.00$c22\3$e12-aug-2012$fGBP22.00$g0$hP$5Uk
=ACF  \\$aPrevious copyright fee: GBP25.00$c22\3$e01-jan-2013$fGBP25.00$g0$hP$5Uk
=ACF  \\$aPrevious copyright fee: GBP25.77$c22\3$e01-jul-2013$fGBP25.77$g0$hP$5Uk
=ACF  \\$aPrevious copyright fee: GBP24.97$c22\3$e01-jan-2014$fGBP24.97$g0$hP$5Uk
=ACF  \\$aPrevious copyright fee: GBP24.21$c22\3$e01-jul-2014$fGBP24.21$g0$hP$5Uk
=ACF  \\$aPrevious copyright fee: GBP25.77$c22\3$e01-apr-2015$fGBP25.77$g0$hP$5Uk
=ACF  \\$aPrevious copyright fee: GBP26.63$c22\3$e01-jul-2015$fGBP26.63$g0$hP$5Uk
=ACF  \\$aPrevious copyright fee: GBP25.77$c22\3$e01-oct-2015$fGBP25.77$g0$hP$5Uk
=ACF  \\$aPrevious copyright fee: GBP27.55$c22\3$e01-apr-2016$fGBP27.55$g0$hP$5Uk
=ACF  \\$aPrevious copyright fee: GBP29.59$c22\3$e01-oct-2016$fGBP29.59$g0$hP$5Uk
=ACF  \\$aPrevious copyright fee: GBP31.96$c22\3$e01-apr-2017$fGBP31.96$g0$hP$5Uk
=ACF  \\$aPrevious copyright fee: GBP30.73$c22\3$e01-oct-2017$fGBP30.73$g0$hP$5Uk
=ACF  \\$aPrevious copyright fee: GBP28.54$c22\3$e01-apr-2018$fGBP28.54$g0$hP$5Uk
=LAS  \\$a5410$b40$c20230322$lBLL01$h1036

