=LDR  04156cas a2201033 a 4500
=001  014625548
=003  Uk
=005  20221231144919.0
=006  m\\\\\\\\d\\\\\\\\
=007  cr\|||||||||||
=008  080303d19992010wauqr\p\s\\\\\0\\\a0eng\\
=FMT  \\$a  SE
=015  \\$aGBA870079$2bnb
=022  \\$a1564-5150$y1020-7635$202
=040  \\$aUk$beng$cUk
=042  \\$aukblsr$aissnuk
=082  04$a332.152$222
=130  0\$aIMF staff papers (Online)
=222  \0$aIMF Staff papers$b(Online)
=245  10$aIMF Staff papers$h[electronic resource].
=246  3\$aInternational Monetary Fund Staff papers
=246  30$aStaff papers
=246  18$aIMFstaffpapers
=260  \\$aWashington D.C. :$bInternational Monetary Fund,$c1999-2010.
=260  3\$32007-2010$aBasingstoke :$bPalgrave Macmillan
=310  \\$aQuarterly
=336  \\$atext$2rdacontent
=337  \\$acomputer$2rdamedia
=338  \\$aonline resource$2rdacarrier
=362  1\$aPrint began with v. 46, no. 1 (Mar. 1999).
=362  0\$a-v. 57, no. 2 (June 2010).
=500  \\$aDescription based on journal information screen on publisher's web site (viewed on 24th May 2008).
=540  \\$aCurrent copyright fee: GBP29.95$c22\1$5Uk
=650  \0$aForeign exchange$vPeriodicals.
=650  \0$aCommerce$vPeriodicals.
=650  \0$aCurrency question$vPeriodicals.
=650  \0$aInternational finance$vPeriodicals.
=650  \0$aInternational economic relations$vPeriodicals.
=690  7\$aManagement and Business Studies$2blcoll
=710  2\$aInternational Monetary Fund.
=776  0\$tIMF Staff papers$x1020-7635
=785  00$tIMF economic review (Online)$x2041-417X
=856  \\$31850-9999$uhttp://www.palgrave.com/home/index.asp$xBLDSS
=856  40$uhttp://www.palgrave-journals.com/imfsp/index.html
=859  \\$aXLD$bejournal
=852  41$aBritish Library$bDSC$j4369.269000$3Volume 55:Issue 1(2008)-Volume 57:Issue 2(2010)***See ESTAR for full holdings.
=945  \\$aIMF Staff papers
=959  \\$fHeld but not currently received
=CAT  \\$a5997$b40$c20080524$lBLL01$h0734
=CAT  \\$a8464$b40$c20080721$lBLL01$h1433
=CAT  \\$aBATCH$b00$c20090625$lBLL01$h1716
=CAT  \\$a10806$b40$c20090708$lBLL01$h0951
=CAT  \\$a10806$b40$c20090708$lBLL01$h1033
=CAT  \\$aBATCH-UPD$b40$c20100818$lBLL01$h1552
=CAT  \\$a12500$b40$c20100930$lBLL01$h1445
=CAT  \\$aIPL-CLA$c20100930$lBLL01$h1531
=CAT  \\$a8483$b40$c20101123$lBLL01$h1407
=CAT  \\$a5997$b40$c20101208$lBLL01$h0913
=CAT  \\$a5997$b40$c20101208$lBLL01$h0940
=CAT  \\$aWR12_168$c20121206$lBLL01$h1818
=CAT  \\$aWR14_140$c20140905$lBLL01$h1819
=CAT  \\$aBLDSS-3PM$b00$c20160620$lBLL01$h1456
=CAT  \\$aBATCH-UPD$b00$c20160620$lBLL01$h1458
=CAT  \\$aBATCH-UPD$b00$c20171121$lBLL01$h1713
=CAT  \\$aIPL-CLA$c20171231$lBLL01$h1734
=CAT  \\$aBATCH-UPD$b00$c20180223$lBLL01$h1820
=CAT  \\$aIPL-CLA$c20180331$lBLL01$h1638
=CAT  \\$aBATCH-UPD$b00$c20180524$lBLL01$h1739
=CAT  \\$aIPL-CLA$c20180630$lBLL01$h1926
=CAT  \\$aBATCH-UPD$b00$c20180704$lBLL01$h0023
=CAT  \\$aW1908-0780$b00$c20200730$lBLL01$h1331
=CAT  \\$aCDS21$c20220118$lBLL01$h1105
=CAT  \\$aBATCH-UPD$b00$c20221121$lBLL01$h1403
=CAT  \\$aIPL-CLA$c20221231$lBLL01$h1449
=CFI  0\$aCurrent copyright fee: GBP29.95$c22\1$e01-jan-2023$fGBP29.95$g0$hP$5Uk
=CFI  2\$aPrevious copyright fee: GBP34.00$c22\1$e01-jul-2018$fGBP34.00$g0$hP$5Uk
=EST  \\$a1
=FFP  \\$aY$bBLDSS-3PM
=FIN  \\$aY$d20080524
=LKR  \\$aPAR$b010532498$lBLL01$nIMF Staff papers (Print)$mIMF Staff papers (Online)$r776
=MNI  \\$a1020-7635
=TCO  \\$aTRS$bCCC$c008
=TOC  \\$aETOC
=UNO  \\$aY
=ACF  \\$aPrevious Copyright Fee: GBP17.50$c39\0$e21-jul-2008$fGBP17.50$g0$hP$5Uk
=ACF  \\$aPrevious copyright fee: GBP22.00$c39\0$e01-oct-2010$fGBP22.00$g0$hP$5Uk
=ACF  \\$aPrevious copyright fee: GBP30.74$c39\0$e01-jan-2018$fGBP30.74$g0$hP$5Uk
=ACF  \\$aPrevious copyright fee: GBP28.54$c39\0$e01-apr-2018$fGBP28.54$g0$hP$5Uk
=LAS  \\$aIPL-CLA$b00$c20221231$lBLL01$h1449

