=LDR  05276cas a2201153 a 4500
=001  014787560
=003  Uk
=005  20230330142400.0
=006  m\\\\\\\\d\\\\\\\\
=007  cr\|||||||||||
=008  080313c20089999nyuqr\pss\\\\\|\\\\0eng\c
=FMT  \\$a  SE
=010  \\$a2008212520
=022  0\$a1941-6636
=035  \\$a(OCoLC)213363020
=040  \\$aNSD$cNSD$dAGL$dOCLCS$dUk
=042  \\$aukblsr
=050  10$aISSN RECORD
=070  0\$aRC280.D5$bJ68
=072  \0$aX380
=082  04$a616.9943005$222
=130  0\$aJournal of gastrointestinal cancer (Online)
=245  10$aJournal of gastrointestinal cancer$h[electronic resource].
=260  \\$aNew York, NY :$bHumana Press
=310  \\$aQuarterly
=336  \\$atext$2rdacontent
=337  \\$acomputer$2rdamedia
=338  \\$aonline resource$2rdacarrier
=362  1\$aBegan with Vol. 38, no. 1 (Jan. 2007).
=500  \\$aDescription based on first issue (viewed Oct. 11, 2008); title from publisher website.
=538  \\$aMode of access: World Wide Web.
=540  \\$aCurrent copyright fee: GBP34.95$c22\1$5Uk
=650  \0$aGastrointestinal system$xCancer$vPeriodicals.
=776  1\$tJournal of gastrointestinal cancer$x1941-6628
=780  00$tInternational journal of gastrointestinal cancer (Online)$x1559-0739
=856  \\$31850-9999$uhttp://www.springer.com/gb/$xBLDSS
=856  40$uhttp://springerlink.com/content/121046/
=856  40$uhttp://www.springerlink.com/openurl.asp?genre=journal&issn=1941-6628
=859  \\$aXLD$bejournal
=852  41$aBritish Library$bDSC$j4987.618550$3Volume 38:Issue 1(2007)-Volume 49:Issue 1(2018)***See ESTAR for full holdings.
=945  \\$aJournal of gastrointestinal cancer.
=959  \\$fHeld but not currently received
=979  \\$aBritish Library$bDSC$j4987.618550
=CAT  \\$a8180$b40$c20081028$lBLL01$h1428
=CAT  \\$aIPL-CLA$c20150630$lBLL01$h1703
=CAT  \\$aBATCH-UPD$b00$c20150820$lBLL01$h1758
=CAT  \\$aIPL-CLA$c20150930$lBLL01$h1829
=CAT  \\$aBATCH-UPD$b00$c20160217$lBLL01$h1646
=CAT  \\$aIPL-CLA$c20160331$lBLL01$h1752
=CAT  \\$aBATCH-UPD$b00$c20160524$lBLL01$h2158
=CAT  \\$aBATCH-UPD$b00$c20160524$lBLL01$h2257
=CAT  \\$aBATCH-UPD$b00$c20160824$lBLL01$h1723
=CAT  \\$aIPL-CLA$c20160930$lBLL01$h1623
=CAT  \\$aBATCH-UPD$b00$c20170216$lBLL01$h1810
=CAT  \\$aIPL-CLA$c20170331$lBLL01$h1900
=CAT  \\$aBATCH-UPD$b00$c20170904$lBLL01$h1812
=CAT  \\$aIPL-CLA$c20170929$lBLL01$h1747
=CAT  \\$aBATCH-UPD$b00$c20180223$lBLL01$h1629
=CAT  \\$aIPL-CLA$c20180331$lBLL01$h1640
=CAT  \\$aW1805-0475$c20180520$lBLL01$h1632
=CAT  \\$aBATCH-UPD$b00$c20180524$lBLL01$h1700
=CAT  \\$aIPL-CLA$c20180630$lBLL01$h1927
=CAT  \\$aW1908-0780$b00$c20200730$lBLL01$h1331
=CAT  \\$a5552$b40$c20210816$lBLL01$h1432
=CAT  \\$aIPL-CLA$c20210930$lBLL01$h1528
=CAT  \\$aCDS21$c20220118$lBLL01$h1105
=CAT  \\$aBATCH-UPD$b00$c20221121$lBLL01$h1412
=CAT  \\$aIPL-CLA$c20221231$lBLL01$h1449
=CAT  \\$a5410$b40$c20230330$lBLL01$h1424
=CFI  0\$aCurrent copyright fee: GBP34.95$c22\1$e01-jan-2023$fGBP34.95$g0$hP$5Uk
=CFI  2\$aPrevious copyright fee: GBP43.00$c22\1$e01-oct-2021$fGBP43.00$g0$hP$5Uk
=EST  \\$a1
=FFP  \\$aY$bBLDSS-3PM
=FIN  \\$aY$d20081104
=LKR  \\$aPAR$b013737840$lBLL01$r780$mJournal of gastrointestinal cancer (Online)$nInternational journal of gastrointestinal cancer (Online)
=LKR  \\$aPAR$b014586486$lBLL01$r776$mJournal of gastrointestinal cancer (Online)$nJournal of gastrointestinal cancer (Print)
=MNI  \\$a1941-6628
=SID  \\$aZ39$bOCLC
=TCO  \\$aTRS$bCCC$c008
=TOC  \\$aETOC
=UNO  \\$aY
=ACF  \\$aPrevious copyright fee: GBP21.25$c13\6$e01-jan-2009$fGBP21.25$g0$hP$5Uk
=ACF  \\$aPrevious copyright fee: GBP16.75$c13\6$e28-oct-2008$fGBP16.75$g0$hP$5Uk
=ACF  \\$aPrevious copyright fee: GBP22.00$c13\6$e01-apr-2009$fGBP22.00$g0$hP$5Uk
=ACF  \\$aPrevious copyright fee: GBP22.00$c13\6$e12-aug-2012$fGBP22.00$g0$hP$5Uk
=ACF  \\$aPrevious copyright fee: GBP25.00$c13\6$e01-jan-2013$fGBP25.00$g0$hP$5Uk
=ACF  \\$aPrevious copyright fee: GBP25.77$c13\6$e01-jul-2013$fGBP25.77$g0$hP$5Uk
=ACF  \\$aPrevious copyright fee: GBP24.97$c13\6$e01-jan-2014$fGBP24.97$g0$hP$5Uk
=ACF  \\$aPrevious copyright fee: GBP24.21$c13\6$e01-jul-2014$fGBP24.21$g0$hP$5Uk
=ACF  \\$aPrevious copyright fee: GBP25.77$c13\6$e01-apr-2015$fGBP25.77$g0$hP$5Uk
=ACF  \\$aPrevious copyright fee: GBP26.63$c13\6$e01-jul-2015$fGBP26.63$g0$hP$5Uk
=ACF  \\$aPrevious copyright fee: GBP25.77$c13\6$e01-oct-2015$fGBP25.77$g0$hP$5Uk
=ACF  \\$aPrevious copyright fee: GBP27.55$c13\6$e01-apr-2016$fGBP27.55$g0$hP$5Uk
=ACF  \\$aPrevious copyright fee: GBP29.59$c13\6$e01-oct-2016$fGBP29.59$g0$hP$5Uk
=ACF  \\$aPrevious copyright fee: GBP31.96$c13\6$e01-apr-2017$fGBP31.96$g0$hP$5Uk
=ACF  \\$aPrevious copyright fee: GBP30.73$c13\6$e01-oct-2017$fGBP30.73$g0$hP$5Uk
=ACF  \\$aPrevious copyright fee: GBP28.54$c13\6$e01-apr-2018$fGBP28.54$g0$hP$5Uk
=ACF  \\$aPrevious copyright fee: GBP34.00$c22\1$e01-jul-2018$fGBP34.00$g0$hP$5Uk
=LAS  \\$a5410$b40$c20230330$lBLL01$h1424

