=LDR  05551cas a2201165 a 4500
=001  014907820
=003  Uk
=005  20230328145327.0
=006  m\\\\\\\\d\\\\\\\\
=007  cr\mnu||||||||
=008  090213c20099999vb\br\p\\\\\\\0\\\a0eng\\
=FMT  \\$a  SE
=022  0\$a2070-206X$y2070-2051$202
=035  \\$a(OCoLC)313637304
=040  \\$aAU@$beng$cAU@$dUk
=041  1\$aeng$hrus
=042  \\$aukblsr$aissnuk
=082  04$a620.1623$222
=130  0\$aProtection of metals and physical chemistry of surfaces (Online)
=210  0\$aProt. met. phys. chem. surf.$b(Online)
=222  \0$aProtection of metals and physical chemistry of surfaces$b(Online)
=245  10$aProtection of metals and physical chemistry of surfaces$h[electronic resource].
=260  \\$aMoscow, Russia :$bMAIK Nauka/Interperiodica :$bdistributor: Springer Science+Business Media LLC,$c2009-
=264  31$a[Tortola, British Virgin Islands] :$bPleiades Publishing
=336  \\$atext$2rdacontent
=337  \\$acomputer$2rdamedia
=338  \\$aonline resource$2rdacarrier
=362  0\$aVol. 45, no. 1 (Jan. 2009)-
=506  \\$aRestricted to licenced organisations with IP address and password.
=530  \\$aOnline version of the print title.
=538  \\$aSystem requirements:, World Wide Web.
=546  \\$aEnglish translation of Fizikokhimiya poverkhnosti i zashchita materialov.
=550  \\$aVols. for 1965 published by Consultants Bureau Enterprises; 1966- by Consultants Bureau.
=540  \\$aCurrent copyright fee: GBP29.95$c22\1$5Uk
=588  \\$aLatest issue consulted: volume 58, issue 5 (October 2022) (SpringerLink, viewed January 13, 2023).
=650  \0$aProtective coatings$vPeriodicals.
=650  \0$aMetal coating$vPeriodicals.
=730  0\$aFizikokhimiya poverkhnosti i zashchita materialov$lEnglish
=776  08$iAlso issued in print as:$tProtection of metals and physical chemistry of surfaces$x2070-2051
=780  00$tProtection of metals (Online)$x1608-327X
=856  \\$31850-9999$uhttp://www.springer.com/gb/$xBLDSS
=856  40$uhttps://www.springer.com/journal/11124
=859  \\$aXLD$bejournal
=852  41$aBritish Library$bDSC$j0420.521000$3Volume 45:Issue 1(2009)-Volume 54:Issue 1(2018)***See ESTAR for full holdings.
=945  \\$aProtection of metals and physical chemistry of surfaces c/c of Fizikokhimiia poverkhnosti i zashchita materialov
=959  \\$fHeld but not currently received
=979  \\$aBritish Library$bDSC$j0420.521000
=985  \\$aISSN responsibility transferred from ISSN Russia (13/01/23)
=CAT  \\$a6811$b40$c20090217$lBLL01$h1012
=CAT  \\$aBATCH-UPD$b00$c20150520$lBLL01$h1744
=CAT  \\$aIPL-CLA$c20150630$lBLL01$h1704
=CAT  \\$aBATCH-UPD$b00$c20150820$lBLL01$h1831
=CAT  \\$aIPL-CLA$c20150930$lBLL01$h1831
=CAT  \\$aBATCH-UPD$b00$c20160217$lBLL01$h1720
=CAT  \\$aIPL-CLA$c20160331$lBLL01$h1753
=CAT  \\$aBATCH-UPD$b00$c20160524$lBLL01$h2213
=CAT  \\$aBATCH-UPD$b00$c20160525$lBLL01$h0039
=CAT  \\$aBATCH-UPD$b00$c20160824$lBLL01$h1749
=CAT  \\$aIPL-CLA$c20160930$lBLL01$h1624
=CAT  \\$aBATCH-UPD$b00$c20170216$lBLL01$h1836
=CAT  \\$aIPL-CLA$c20170331$lBLL01$h1901
=CAT  \\$aBATCH-UPD$b00$c20170904$lBLL01$h1845
=CAT  \\$aIPL-CLA$c20170929$lBLL01$h1748
=CAT  \\$aBATCH-UPD$b00$c20180223$lBLL01$h1705
=CAT  \\$aIPL-CLA$c20180331$lBLL01$h1642
=CAT  \\$aW1805-0475$c20180520$lBLL01$h1632
=CAT  \\$aBATCH-UPD$b00$c20180524$lBLL01$h1708
=CAT  \\$aIPL-CLA$c20180630$lBLL01$h1928
=CAT  \\$aW1908-0780$b00$c20200730$lBLL01$h1332
=CAT  \\$aCDS21$c20220118$lBLL01$h1105
=CAT  \\$aBATCH-UPD$b00$c20221121$lBLL01$h1403
=CAT  \\$aIPL-CLA$c20221231$lBLL01$h1449
=CAT  \\$a10806$b40$c20230113$lBLL01$h1026
=CAT  \\$a10806$b40$c20230113$lBLL01$h1027
=CAT  \\$a5410$b40$c20230328$lBLL01$h1453
=CFI  0\$aCurrent copyright fee: GBP29.95$c22\1$e01-jan-2023$fGBP29.95$g0$hP$5Uk
=CFI  2\$aPrevious copyright fee: GBP34.00$c22\1$e01-jul-2018$fGBP34.00$g0$hP$5Uk
=EST  \\$a1
=FFP  \\$aY$bBLDSS-3PM
=FIN  \\$aY$d20090609
=MNI  \\$a2070-2051
=SID  \\$aZ39$bOCLC
=TCO  \\$aTRS$bCCC$c008
=TOC  \\$aETOC
=UNO  \\$aY
=ACF  \\$aPrevious copyright fee: GBP22.00$c22\1$e17-feb-2009$fGBP22.00$g0$hP$5Uk
=ACF  \\$aPrevious copyright fee: GBP22.00$c22\1$e12-aug-2012$fGBP22.00$g0$hP$5Uk
=ACF  \\$aPrevious copyright fee: GBP25.00$c22\1$e01-jan-2013$fGBP25.00$g0$hP$5Uk
=ACF  \\$aPrevious copyright fee: GBP25.77$c22\1$e01-jul-2013$fGBP25.77$g0$hP$5Uk
=ACF  \\$aPrevious copyright fee: GBP24.97$c22\1$e01-jan-2014$fGBP24.97$g0$hP$5Uk
=ACF  \\$aPrevious copyright fee: GBP24.21$c22\1$e01-jul-2014$fGBP24.21$g0$hP$5Uk
=ACF  \\$aPrevious copyright fee: GBP25.77$c22\1$e01-apr-2015$fGBP25.77$g0$hP$5Uk
=ACF  \\$aPrevious copyright fee: GBP26.63$c22\1$e01-jul-2015$fGBP26.63$g0$hP$5Uk
=ACF  \\$aPrevious copyright fee: GBP25.77$c22\1$e01-oct-2015$fGBP25.77$g0$hP$5Uk
=ACF  \\$aPrevious copyright fee: GBP27.55$c22\1$e01-apr-2016$fGBP27.55$g0$hP$5Uk
=ACF  \\$aPrevious copyright fee: GBP29.59$c22\1$e01-oct-2016$fGBP29.59$g0$hP$5Uk
=ACF  \\$aPrevious copyright fee: GBP31.96$c22\1$e01-apr-2017$fGBP31.96$g0$hP$5Uk
=ACF  \\$aPrevious copyright fee: GBP30.73$c22\1$e01-oct-2017$fGBP30.73$g0$hP$5Uk
=ACF  \\$aPrevious copyright fee: GBP28.54$c22\1$e01-apr-2018$fGBP28.54$g0$hP$5Uk
=LAS  \\$a5410$b40$c20230328$lBLL01$h1453

