=LDR  05698cas a2201189 a 4500
=001  014688101
=003  Uk
=005  20230506143812.0
=006  m\\\\\\\\d\\\\\\\\
=007  cr\mn|||||||||
=008  060906c19949999cc\br\p\o\\\\\0\\\a0eng\d
=FMT  \\$a  SE
=022  \\$a2194-1289$y1006-7191
=035  \\$a(OCoLC)71257279
=040  \\$aHUA$cHUA$dMUQ$dUk
=042  \\$aukblsr
=082  04$a669.005$222
=130  0\$aActa metallurgica Sinica (Online)
=245  10$aActa metallurgica Sinica$h[electronic resource] :$bEnglish letters.
=260  \\$aShenyang :$bEditorial Board of Acta Metallurgica Sinica
=260  2\$32006-2009$a[Netherlands] :$bElsevier
=260  2\$32010-$a[China] :$bChinese Society for Metals
=264  31$32013-$a[Beijing] :$bChinese Society for Metals ;$aBerlin :$bSpringer-Verlag
=310  \\$aBimonthly
=336  \\$atext$2rdacontent
=337  \\$acomputer$2rdamedia
=338  \\$aonline resource$2rdacarrier
=362  0\$aVol. 7, no. 1 (Jul. 1994)-
=500  \\$aTitle from journal information screen (China Journal Net, viewed May 22, 2006).
=588  \\$aLatest issue consulted: vol. 26, no. 6 (December 2013) (Springer Link, viewed February 13, 2014).
=550  \\$aSponsored by: Chinese Society for Metals.
=580  \\$aPrint title formed by the union of: Acta metallurgica Sinica. Series A, Physical metallurgy & materials science; and: Acta metallurgica Sinica. Series B, Process metallurgy & miscellaneous.
=540  \\$aCurrent copyright fee: GBP29.95$c22\1$5Uk
=650  \0$aMetallurgy$vPeriodicals.
=710  2\$aZhongguo jin shu xue hui.
=773  0\$tZhongguo qikan wang
=776  08$iAlso issued in print as:$tActa metallurgica Sinica$x1006-7191
=856  \\$31850-9999$uhttp://www.springer.com/gb/$xBLDSS
=856  4\$uhttp://eproxy.lib.hku.hk/login?url=http://cjn.lib.hku.hk$x70$zClick to start searching via China Journal Net
=856  4\$uhttp://www.sciencedirect.com/science/journal/10067191$zIssues for 2006-2009 only
=856  40$32013-$uhttp://link.springer.com/journal/40195
=856  40$uhttp://www.csm.org.cn/english/news/showNews.aspx?newsId=2997
=859  \\$aXLD$bejournal
=852  41$aBritish Library$bDSC$j0637.535000$3Volume 19:Issue 1(2006)-Volume 31:Issue 4(2018)***See ESTAR for full holdings.
=945  \\$aActa metallurgica sinica -English letters-
=959  \\$fHeld but not currently received
=979  \\$aBritish Library$bDSC$j0637.535000
=CAT  \\$a8180$b40$c20080807$lBLL01$h1105
=CAT  \\$aIPL-CLA$c20150331$lBLL01$h1658
=CAT  \\$aBATCH-UPD$b00$c20150520$lBLL01$h1751
=CAT  \\$aIPL-CLA$c20150630$lBLL01$h1702
=CAT  \\$aBATCH-UPD$b00$c20150820$lBLL01$h1838
=CAT  \\$aIPL-CLA$c20150930$lBLL01$h1828
=CAT  \\$aBATCH-UPD$b00$c20160217$lBLL01$h1729
=CAT  \\$aIPL-CLA$c20160331$lBLL01$h1751
=CAT  \\$aBATCH-UPD$b00$c20160518$lBLL01$h1238
=CAT  \\$aBATCH-UPD$b00$c20160524$lBLL01$h2212
=CAT  \\$aBATCH-UPD$b00$c20160824$lBLL01$h1756
=CAT  \\$aIPL-CLA$c20160930$lBLL01$h1621
=CAT  \\$aBATCH-UPD$b00$c20170216$lBLL01$h1844
=CAT  \\$aIPL-CLA$c20170331$lBLL01$h1859
=CAT  \\$aBATCH-UPD$b00$c20170904$lBLL01$h1853
=CAT  \\$aIPL-CLA$c20170929$lBLL01$h1745
=CAT  \\$aBATCH-UPD$b00$c20180223$lBLL01$h1724
=CAT  \\$aIPL-CLA$c20180331$lBLL01$h1639
=CAT  \\$aW1805-0475$c20180520$lBLL01$h1632
=CAT  \\$aBATCH-UPD$b00$c20180524$lBLL01$h1714
=CAT  \\$aIPL-CLA$c20180630$lBLL01$h1926
=CAT  \\$aW1908-0780$b00$c20200730$lBLL01$h1331
=CAT  \\$a5552$b40$c20200818$lBLL01$h1417
=CAT  \\$aCDS21$c20220118$lBLL01$h1105
=CAT  \\$aBATCH-UPD$b00$c20221121$lBLL01$h1403
=CAT  \\$aIPL-CLA$c20221231$lBLL01$h1449
=CAT  \\$a5410$b40$c20230506$lBLL01$h1438
=CFI  0\$aCurrent copyright fee: GBP29.95$c22\1$e01-jan-2023$fGBP29.95$g0$hP$5Uk
=CFI  2\$aPrevious copyright fee: GBP34.00$c22\1$e01-jul-2018$fGBP34.00$g0$hP$5Uk
=EST  \\$a1
=FFP  \\$aY$bBLDSS-3PM
=FIN  \\$aY$d20080820
=MNI  \\$a1006-7191
=SID  \\$aZ39$bOCLC
=TCO  \\$aNLD$bSTICHTING REPRORECHT$c008
=TOC  \\$aETOC
=UNO  \\$aY
=ACF  \\$aPrevious copyright fee: GBP10.50$c0$e01-jan-2011$fGBP10.50$g0$hA$5Uk
=ACF  \\$aPrevious Copyright Fee: GBP20.00$c0$e01-jul-2010$fGBP20.00$g0$hC$5Uk
=ACF  \\$aPrevious copyright fee: GBP9.00$c0$e25-may-2010$fGBP9.00$g0$hA$5Uk
=ACF  \\$aCurrent copyright fee: GBP20.00$c5\1$e01-jan-2009$fGBP20.00$g0$hP$5Uk
=ACF  \\$aPrevious copyright fee: GBP19.00$c5\1$e07-aug-2008$fGBP19.00$g0$hP$5Uk
=ACF  \\$aPrevious copyright fee: GBP20.00$c0$e06-jan-2011$fGBP20.00$g0$hC$5Uk
=ACF  \\$aPrevious Copyright Fee: GBP21.00$c0$e01-jan-2012$fGBP21.00$g0$hC$5Uk
=ACF  \\$aPrevious copyright fee: GBP24.97$c22\3$e01-jan-2014$fGBP24.97$g0$hP$5Uk
=ACF  \\$aPrevious copyright fee: GBP24.21$c22\3$e01-jul-2014$fGBP24.21$g0$hP$5Uk
=ACF  \\$aPrevious copyright fee: GBP25.77$c22\3$e01-apr-2015$fGBP25.77$g0$hP$5Uk
=ACF  \\$aPrevious copyright fee: GBP26.63$c22\3$e01-jul-2015$fGBP26.63$g0$hP$5Uk
=ACF  \\$aPrevious copyright fee: GBP25.77$c22\3$e01-oct-2015$fGBP25.77$g0$hP$5Uk
=ACF  \\$aPrevious copyright fee: GBP27.55$c22\3$e01-apr-2016$fGBP27.55$g0$hP$5Uk
=ACF  \\$aPrevious copyright fee: GBP29.59$c22\3$e01-oct-2016$fGBP29.59$g0$hP$5Uk
=ACF  \\$aPrevious copyright fee: GBP31.96$c22\3$e01-apr-2017$fGBP31.96$g0$hP$5Uk
=ACF  \\$aPrevious copyright fee: GBP30.73$c22\3$e01-oct-2017$fGBP30.73$g0$hP$5Uk
=ACF  \\$aPrevious copyright fee: GBP28.54$c22\3$e01-apr-2018$fGBP28.54$g0$hP$5Uk
=LAS  \\$a5410$b40$c20230506$lBLL01$h1438

