=LDR  06518cas a2201381 a 4500
=001  013430865
=003  Uk
=005  20231009114543.0
=006  m\\\\\\\\d\\\\\\\\
=007  cr\un|||||||||
=008  051113c20059999cc\mr\p\s\\\\\0\\\a0eng\c
=FMT  \\$a  SE
=010  \\$a  2011250812
=016  7\$a101236535$2DNLM
=022  \\$a1862-1783$y1673-1581
=035  \\$a(OCoLC)62267201
=040  \\$aNdU$beng$cNdU$dNdU$dDLC$dOCoLC$dCPT$dNBuU$dTxSaU$dOCoLC$dUk
=042  \\$aukblsr
=043  \\$aa-cc---
=050  14$aQH320.C5
=060  \4$aW1$bJO974HB8564
=082  04$a570.5$223
=130  0\$aJournal of Zhejiang University. Science B (Online)
=210  10$aJ Zhejiang Univ-sci B (biomed & biotechnol)
=210  1\$aJ. Zhejiang Univ., Sci. B$b(Internet)
=222  \0$aJournal of Zhejiang University. Science B$b(Internet)
=245  10$aJournal of Zhejiang University.$pScience.$nB$h[electronic resource].
=246  30$aScience.$nB
=246  13$aJournal of Zhejiang University.$pScience.$nB.$pBiomedicine & biotechnology
=246  13$aLife sciences & biotechnology
=246  13$aJZUS-B
=246  0\$iFrom 2010, has running title:$aJ Zhejiang Univ-sci B (biomed & biotechnol)
=260  \\$a[Hangzhou :$bZhejiang University Press]
=260  3\$aHangzhou :$bZhejiang University Press ;$a[Berlin] :$bSpringer
=310  \\$aMonthly
=336  \\$atext$2rdacontent
=337  \\$acomputer$2rdamedia
=338  \\$aonline resource$2rdacarrier
=362  1\$aBegan with vol. 6, no. 1 (Jan. 2005).
=588  \\$aDescription based on print version record.
=588  \\$aLatest issue consulted: Vol. 12, no. 6 (June 2011) (publisher's Web site, viewed June 20, 2011).
=588  \\$aLatest issue consulted: Vol. 13, no. 9 (Sept. 2012) (SpringerLink, viewed Sept. 19, 2012).
=540  \\$aCurrent copyright fee: GBP34.95$c22\1$5Uk
=650  \0$aLife sciences$vPeriodicals.
=650  \0$aBiology$vPeriodicals.
=650  \0$aBiotechnology$vPeriodicals.
=650  \0$aMedicine$vPeriodicals.
=710  2\$aZhejiang da xue.
=776  08$iPrint version:$tJournal of Zhejiang University. Science. B$x1673-1581
=780  01$tJournal of Zhejiang University. Science (Online)
=856  \\$31850-9999$uhttp://www.springer.com/gb/$xBLDSS
=856  4\$3Apr. 2005-$uhttp://www.springerlink.com/content/119967
=856  4\$uhttp://firstsearch.oclc.org$zAddress for accessing the journal using authorization number and password through OCLC FirstSearch Electronic Collections Online
=856  40$uhttp://bibpurl.oclc.org/web/12960
=856  40$uhttp://bibpurl.oclc.org/web/12961
=856  40$uhttp://www.ncbi.nlm.nih.gov/pmc/journals/290
=859  \\$aXLD$bejournal
=852  \\$aBritish Library$bDSC$j4918.150527$3Volume 6:Issue 12(2005)-Volume 19:Issue 3(2018)***See ESTAR for full holdings.
=945  \\$aJournal - Zhejiang University Science B
=959  \\$fHeld but not currently received
=CAT  \\$a7174$b40$c20060321$lBLL01$h1437
=CAT  \\$aBATCH-UPD$b00$c20150520$lBLL01$h1750
=CAT  \\$aIPL-CLA$c20150630$lBLL01$h1650
=CAT  \\$aBATCH-UPD$b00$c20150820$lBLL01$h1837
=CAT  \\$aIPL-CLA$c20150930$lBLL01$h1812
=CAT  \\$aBATCH-UPD$b00$c20160217$lBLL01$h1728
=CAT  \\$aIPL-CLA$c20160331$lBLL01$h1733
=CAT  \\$aBATCH-UPD$b00$c20160520$lBLL01$h0857
=CAT  \\$aBATCH-UPD$b00$c20160524$lBLL01$h2210
=CAT  \\$aBATCH-UPD$b00$c20160824$lBLL01$h1755
=CAT  \\$aIPL-CLA$c20160930$lBLL01$h1607
=CAT  \\$aBATCH-UPD$b00$c20170216$lBLL01$h1843
=CAT  \\$aIPL-CLA$c20170331$lBLL01$h1848
=CAT  \\$aBATCH-UPD$b00$c20170904$lBLL01$h1852
=CAT  \\$aIPL-CLA$c20170929$lBLL01$h1732
=CAT  \\$aBATCH-UPD$b00$c20180223$lBLL01$h1721
=CAT  \\$aIPL-CLA$c20180331$lBLL01$h1624
=CAT  \\$aW1805-0475$c20180520$lBLL01$h1632
=CAT  \\$aBATCH-UPD$b00$c20180524$lBLL01$h1714
=CAT  \\$aIPL-CLA$c20180630$lBLL01$h1918
=CAT  \\$aW1908-0780$b00$c20200730$lBLL01$h1329
=CAT  \\$a5552$b40$c20210819$lBLL01$h1107
=CAT  \\$aIPL-CLA$c20210930$lBLL01$h1528
=CAT  \\$aCDS21$c20220118$lBLL01$h1105
=CAT  \\$aBATCH-UPD$b00$c20221121$lBLL01$h1411
=CAT  \\$aIPL-CLA$c20221231$lBLL01$h1447
=CAT  \\$a5410$b40$c20231009$lBLL01$h1145
=CAT  \\$a5410$b40$c20231009$lBLL01$h1145
=CFI  0\$aCurrent copyright fee: GBP34.95$c22\1$e01-jan-2023$fGBP34.95$g0$hP$5Uk
=CFI  2\$aPrevious copyright fee: GBP43.00$c22\1$e01-oct-2021$fGBP43.00$g0$hP$5Uk
=EST  \\$a1
=FFP  \\$aY$bBLDSS-3PM
=FIN  \\$aY$d20120919
=LKR  \\$aPAR$b013430228$lBLL01$r776$mJournal of Zhejiang University Science B$nJournal of Zhejiang University. an international biomedicine & biotechnology journal.
=LKR  \\$aPAR$b013430237$lBLL01$nJournal of Zhejiang University. Science$mJournal of Zhejiang University. Science B$r78001
=MNI  \\$a1673-1581
=SRC  \\$aBLL02
=TCO  \\$aZZZ$c008
=TOC  \\$aETOC
=UNO  \\$aY
=ACF  \\$aPrevious Copyright Fee: GBP17.14$c22\3$e01-apr-2006$fGBP17.14$g0$hP$5Uk
=ACF  \\$aPrevious Copyright Fee: GBP16.67$c22\3$e21-mar-2006$fGBP16.67$g0$hP$5Uk
=ACF  \\$aPrevious copyright fee: GBP22.00$c22\3$e28-jun-2011$fGBP22.00$g0$hP$5Uk
=ACF  \\$aPrevious copyright fee: GBP22.00$c22\3$e12-aug-2012$fGBP22.00$g0$hP$5Uk
=ACF  \\$aPrevious copyright fee: GBP25.00$c22\3$e01-jan-2013$fGBP25.00$g0$hP$5Uk
=ACF  \\$aPrevious copyright fee: GBP25.77$c22\3$e01-jul-2013$fGBP25.77$g0$hP$5Uk
=ACF  \\$aPrevious copyright fee: GBP24.97$c22\3$e01-jan-2014$fGBP24.97$g0$hP$5Uk
=ACF  \\$aPrevious copyright fee: GBP24.21$c22\3$e01-jul-2014$fGBP24.21$g0$hP$5Uk
=ACF  \\$aPrevious copyright fee: GBP25.77$c22\3$e01-apr-2015$fGBP25.77$g0$hP$5Uk
=ACF  \\$aPrevious copyright fee: GBP26.63$c22\3$e01-jul-2015$fGBP26.63$g0$hP$5Uk
=ACF  \\$aPrevious copyright fee: GBP25.77$c22\3$e01-oct-2015$fGBP25.77$g0$hP$5Uk
=ACF  \\$aPrevious copyright fee: GBP27.55$c22\3$e01-apr-2016$fGBP27.55$g0$hP$5Uk
=ACF  \\$aPrevious copyright fee: GBP29.59$c22\3$e01-oct-2016$fGBP29.59$g0$hP$5Uk
=ACF  \\$aPrevious copyright fee: GBP31.96$c22\3$e01-apr-2017$fGBP31.96$g0$hP$5Uk
=ACF  \\$aPrevious copyright fee: GBP30.73$c22\3$e01-oct-2017$fGBP30.73$g0$hP$5Uk
=ACF  \\$aPrevious copyright fee: GBP28.54$c22\3$e01-apr-2018$fGBP28.54$g0$hP$5Uk
=ACF  \\$aPrevious copyright fee: GBP34.00$c22\1$e01-jul-2018$fGBP34.00$g0$hP$5Uk
=LAS  \\$a5410$b40$c20231009$lBLL01$h1145

