=LDR  05985cas a2201273 a 4500
=001  013446142
=003  Uk
=005  20230322104405.0
=006  m\\\\\\\\d\\\\\\\\
=007  cr\cnu||||||||
=008  060606c19629999sz\br\pss\\\\\0\\\a0eng\c
=FMT  \\$a  SE
=010  \\$a2008220508
=022  \\$a1661-4917$y0004-069X
=035  \\$a(OCoLC)69955941
=040  \\$aTWT$cTWT$dOCL$dAGL$dOCLCQ$dCUS$dUk
=042  \\$aukblsr
=050  \4$aQR180$b.A7
=070  0\$aQR180$b.A73
=072  \0$aX300
=082  04$a616.079$223
=130  0\$aArchivum immunologiae et therapiae experimentalis (Online)
=222  \0$aArchivum immunologiae et therapiae experimentalis$b(Online)
=245  10$aArchivum immunologiae et therapiae experimentalis$h[electronic resource].
=246  13$aAITE
=260  \\$aBasel :$bBirkhaüser
=260  3\$3<June 2011- >$aBasel :$bBirkhaüser ;$b[Springer Basel]
=310  \\$aBimonthly
=336  \\$atext$2rdacontent
=337  \\$acomputer$2rdamedia
=338  \\$aonline resource$2rdacarrier
=362  1\$aPrint began with v. 10 (1962).
=500  \\$aTitle from journal home page (viewed on Nov. 24, 2008).
=588  \\$aLatest issue consulted: Vol. 60, no. 5 (Oct. 2012) (SpringerLink, viewed Oct. 18, 2012).
=515  \\$aAssumes vol. numbering of the original.
=540  \\$aCurrent copyright fee: GBP34.95$c22\1$5Uk
=650  \0$aImmunology$vPeriodicals.
=650  \0$aTherapeutics, Experimental$vPeriodicals.
=776  08$iIssued also in print:$tArchivum immunologiae et therapiae experimentalis$x0004-069X
=780  00$tArchiwum immunologii i terapii doswiadczalnej
=856  \\$31850-9999$uhttp://www.springer.com/gb/$xBLDSS
=856  40$3v.42(1994)-53(2005) (some vols. have abstracts only)$uhttp://www.aite.wroclaw.pl/journals/aite/aiteTOC.html
=856  40$3v.54(2006)-$uhttp://www.springerlink.com/openurl.asp?genre=journal&issn=0004-069X
=856  40$uhttp://bibpurl.oclc.org/web/46137
=856  40$uhttp://firstsearch.oclc.org$zAddress for accessing the journal using authorization number and password through OCLC FirstSearch Electronic Collections Online
=856  40$uhttp://www.springerlink.com/content/1661-4917
=859  \\$aXLD$bejournal
=852  \\$aBritish Library$bDSC$j1659.500000$3Volume 54:Issue 1(2006)-Volume 66:Issue 2(2018)***See ESTAR for full holdings.
=945  \\$aARCHIVUM IMMUNOLOGIAE ET THERAPIAE EXPERIMENTALIS -ENGLISH EDITION-
=959  \\$fHeld but not currently received
=979  \\$aBritish Library$bDSC$j1659.500000
=CAT  \\$a7174$b40$c20060410$lBLL01$h1042
=CAT  \\$aBATCH-UPD$b00$c20150520$lBLL01$h1743
=CAT  \\$aIPL-CLA$c20150630$lBLL01$h1650
=CAT  \\$aBATCH-UPD$b00$c20150820$lBLL01$h1831
=CAT  \\$aIPL-CLA$c20150930$lBLL01$h1812
=CAT  \\$aBATCH-UPD$b00$c20160217$lBLL01$h1720
=CAT  \\$aIPL-CLA$c20160331$lBLL01$h1733
=CAT  \\$aBATCH-UPD$b00$c20160524$lBLL01$h2210
=CAT  \\$aBATCH-UPD$b00$c20160525$lBLL01$h0024
=CAT  \\$aBATCH-UPD$b00$c20160824$lBLL01$h1748
=CAT  \\$aIPL-CLA$c20160930$lBLL01$h1607
=CAT  \\$aBATCH-UPD$b00$c20170216$lBLL01$h1836
=CAT  \\$aIPL-CLA$c20170331$lBLL01$h1848
=CAT  \\$aBATCH-UPD$b00$c20170904$lBLL01$h1844
=CAT  \\$aIPL-CLA$c20170929$lBLL01$h1733
=CAT  \\$aBATCH-UPD$b00$c20180223$lBLL01$h1704
=CAT  \\$aIPL-CLA$c20180331$lBLL01$h1624
=CAT  \\$aW1805-0475$c20180520$lBLL01$h1632
=CAT  \\$aBATCH-UPD$b00$c20180524$lBLL01$h1708
=CAT  \\$aIPL-CLA$c20180630$lBLL01$h1919
=CAT  \\$aW1908-0780$b00$c20200730$lBLL01$h1329
=CAT  \\$a5552$b40$c20210810$lBLL01$h0939
=CAT  \\$aIPL-CLA$c20210930$lBLL01$h1528
=CAT  \\$aCDS21$c20220118$lBLL01$h1105
=CAT  \\$aBATCH-UPD$b00$c20221121$lBLL01$h1411
=CAT  \\$aIPL-CLA$c20221231$lBLL01$h1447
=CAT  \\$a5410$b40$c20230322$lBLL01$h1044
=CFI  0\$aCurrent copyright fee: GBP34.95$c22\1$e01-jan-2023$fGBP34.95$g0$hP$5Uk
=CFI  2\$aPrevious copyright fee: GBP43.00$c22\1$e01-oct-2021$fGBP43.00$g0$hP$5Uk
=EST  \\$a1
=FFP  \\$aY$bBLDSS-3PM
=FIN  \\$aY$d20121024
=MNI  \\$a0004-069X
=SID  \\$aZ39$bOCLC
=TCO  \\$aDEU$bVG WORT$c008
=TCO  \\$aXXX$c008
=TOC  \\$aETOC
=UNO  \\$aY
=ACF  \\$aPrevious copyright fee: GBP21.25$c22\1$e01-jan-2009$fGBP21.25$g0$hP$5Uk
=ACF  \\$aPrevious copyright fee: GBP16.75$c22\1$e01-jan-2007$fGBP16.75$g0$hP$5Uk
=ACF  \\$aPrevious copyright fee: GBP16.22$c22\1$e01-oct-2006$fGBP16.22$g0$hP$5Uk
=ACF  \\$aPrevious Copyright Fee: GBP17.14$c22\1$e10-apr-2006$fGBP17.14$g0$hP$5Uk
=ACF  \\$aPrevious copyright fee: GBP22.00$c22\1$e01-apr-2009$fGBP22.00$g0$hP$5Uk
=ACF  \\$aPrevious copyright fee: GBP22.00$c22\1$e12-aug-2012$fGBP22.00$g0$hP$5Uk
=ACF  \\$aPrevious copyright fee: GBP25.00$c22\1$e01-jan-2013$fGBP25.00$g0$hP$5Uk
=ACF  \\$aPrevious copyright fee: GBP25.77$c22\1$e01-jul-2013$fGBP25.77$g0$hP$5Uk
=ACF  \\$aPrevious copyright fee: GBP24.97$c22\1$e01-jan-2014$fGBP24.97$g0$hP$5Uk
=ACF  \\$aPrevious copyright fee: GBP24.21$c22\1$e01-jul-2014$fGBP24.21$g0$hP$5Uk
=ACF  \\$aPrevious copyright fee: GBP25.77$c22\1$e01-apr-2015$fGBP25.77$g0$hP$5Uk
=ACF  \\$aPrevious copyright fee: GBP26.63$c22\1$e01-jul-2015$fGBP26.63$g0$hP$5Uk
=ACF  \\$aPrevious copyright fee: GBP25.77$c22\1$e01-oct-2015$fGBP25.77$g0$hP$5Uk
=ACF  \\$aPrevious copyright fee: GBP27.55$c22\1$e01-apr-2016$fGBP27.55$g0$hP$5Uk
=ACF  \\$aPrevious copyright fee: GBP29.59$c22\1$e01-oct-2016$fGBP29.59$g0$hP$5Uk
=ACF  \\$aPrevious copyright fee: GBP31.96$c22\1$e01-apr-2017$fGBP31.96$g0$hP$5Uk
=ACF  \\$aPrevious copyright fee: GBP30.73$c22\1$e01-oct-2017$fGBP30.73$g0$hP$5Uk
=ACF  \\$aPrevious copyright fee: GBP28.54$c22\1$e01-apr-2018$fGBP28.54$g0$hP$5Uk
=ACF  \\$aPrevious copyright fee: GBP34.00$c22\1$e01-jul-2018$fGBP34.00$g0$hP$5Uk
=LAS  \\$a5410$b40$c20230322$lBLL01$h1044

