=LDR  06300cas a22012737a 4500
=001  013817250
=003  Uk
=005  20230429123806.0
=006  m\\\\\o\\d\\\\\\\\
=007  cr\un|||||||||
=008  020626c19999999ne\qr\pso\\\\\0\\\a0eng\c
=FMT  \\$a  SE
=010  \\$a2011250545
=022  0\$a1874-6306$l1874-6306$y1524-8879$2j
=035  \\$a(OCoLC)50065548$z(OCoLC)51169502$z(OCoLC)137346330$z(OCoLC)653360381$z(OCoLC)679313814
=040  \\$aTXU$beng$cTXU$dOCLCQ$dHUA$dOCLCQ$dOCL$dCIT$dAZU$dAUD$dOCLCQ$dBUF$dOCLCE$dOCLCQ$dDLC$dOCLCQ$dBUF$dUk
=042  \\$ansdp$aukblsr
=050  \4$aJC571
=082  04$a323$223
=130  0\$aHuman rights review (Piscataway, N.J. : Online)
=222  \0$aHuman rights review$b(Online)
=245  10$aHuman rights review$h[electronic resource].
=246  3\$aHRR
=246  3\$aHum Rights Rev
=260  \\$3<1999-2007> :$aPiscataway, NJ :$bTransaction Periodicals Consortium,$c1999-
=260  3\$3<2008>- :$aDordrecht, the Netherlands :$bSpringer Science + Business Media B.V.
=310  \\$aQuarterly
=336  \\$atext$2rdacontent
=337  \\$acomputer$2rdamedia
=338  \\$aonline resource$2rdacarrier
=362  1\$aPrint began with vol. 1, no. 1 (Oct.-Dec. 1999).
=506  \\$3Use copy$fRestrictions unspecified$5MiAaHDL$2star
=533  \\$aElectronic reproduction.$b[S.l.] :$cHathiTrust Digital Library,$d2010.$5MiAaHDL
=538  \\$aMaster and use copy. Digital master created according to Benchmark for Faithful Digital Reproductions of Monographs and Serials, Version 1. Digital Library Federation, December 2002.$uhttp://purl.oclc.org/DLF/benchrepro0212$5MiAaHDL
=583  1\$adigitized$c2010$hHathiTrust Digital Library$lcommitted to preserve$5MiAaHDL$2pda
=588  \\$aDescription based on print version record.
=588  \\$aLatest issue consulted: volume 14, issue 4 (December 2013)(SpringerLink, viewed Nov. 5, 2013).
=540  \\$aCurrent copyright fee: GBP29.95$c22\1$5Uk
=650  \0$aHuman rights$vPeriodicals.
=650  \0$aCivil rights$vPeriodicals.
=650  \0$aPolitical rights$vPeriodicals.
=655  \0$aElectronic journals.
=776  08$iPrint version:$tHuman rights review (Piscataway, N.J.)$x1524-8879
=856  \\$31850-9999$uhttp://www.springer.com/gb/$xBLDSS
=856  40$3HathiTrust Digital Library Limited view (search only)$uhttp://catalog.hathitrust.org/api/volumes/oclc/41284021.html
=856  40$uhttp://link.springer.com/journal/12142
=856  40$uhttp://www.metapress.com/content/103917/
=856  40$uhttp://www.springerlink.com/content/1874-6306
=856  40$uhttp://search.ebscohost.com/login.aspx?direct=true&db=a9h&jid=DYT&site=ehost-live$zAccess via Academic Search Complete, 1999-12 months ago:
=859  \\$aXLD$bejournal
=852  41$aBritish Library$bDSC$j4336.442050$3Volume 1:Issue 3(2000)-Volume 19:Issue 1(2018)***See ESTAR for full holdings.
=945  \\$aHuman rights review -Piscataway-.
=959  \\$fHeld but not currently received
=979  \\$aBritish Library$bDSC$j4336.442050
=CAT  \\$a7174$b40$c20070814$lBLL01$h1222
=CAT  \\$aIPL-CLA$c20150331$lBLL01$h1650
=CAT  \\$aBATCH-UPD$b00$c20150520$lBLL01$h1702
=CAT  \\$aIPL-CLA$c20150630$lBLL01$h1656
=CAT  \\$aBATCH-UPD$b00$c20150820$lBLL01$h1752
=CAT  \\$aIPL-CLA$c20150930$lBLL01$h1819
=CAT  \\$aBATCH-UPD$b00$c20160217$lBLL01$h1638
=CAT  \\$aIPL-CLA$c20160331$lBLL01$h1741
=CAT  \\$aBATCH-UPD$b00$c20160524$lBLL01$h2157
=CAT  \\$aBATCH-UPD$b00$c20160524$lBLL01$h2253
=CAT  \\$aBATCH-UPD$b00$c20160824$lBLL01$h1715
=CAT  \\$aIPL-CLA$c20160930$lBLL01$h1614
=CAT  \\$aBATCH-UPD$b00$c20170216$lBLL01$h1802
=CAT  \\$aIPL-CLA$c20170331$lBLL01$h1853
=CAT  \\$aBATCH-UPD$b00$c20170904$lBLL01$h1804
=CAT  \\$aIPL-CLA$c20170929$lBLL01$h1738
=CAT  \\$aBATCH-UPD$b00$c20180223$lBLL01$h1620
=CAT  \\$aIPL-CLA$c20180331$lBLL01$h1630
=CAT  \\$aW1805-0475$c20180520$lBLL01$h1632
=CAT  \\$aBATCH-UPD$b00$c20180524$lBLL01$h1653
=CAT  \\$aIPL-CLA$c20180630$lBLL01$h1922
=CAT  \\$aW1908-0780$b00$c20200730$lBLL01$h1331
=CAT  \\$aCDS21$c20220118$lBLL01$h1105
=CAT  \\$aBATCH-UPD$b00$c20221121$lBLL01$h1402
=CAT  \\$aIPL-CLA$c20221231$lBLL01$h1448
=CAT  \\$a5410$b40$c20230429$lBLL01$h1238
=CFI  0\$aCurrent copyright fee: GBP29.95$c22\1$e01-jan-2023$fGBP29.95$g0$hP$5Uk
=CFI  2\$aPrevious copyright fee: GBP34.00$c22\1$e01-jul-2018$fGBP34.00$g0$hP$5Uk
=EST  \\$a1
=FFP  \\$aY$bBLDSS-3PM
=FIN  \\$aY$d20131105
=LKR  \\$aPAR$b009207746$lBLL01$r776$mHuman rights review (Online)$nHuman rightsreview (Print)
=MNI  \\$a1524-8879
=SID  \\$aZ39$bOCLC
=TCO  \\$aNLD$bSTICHTING REPRORECHT$c008
=TCO  \\$aTRS$bCCC$c008
=TOC  \\$aETOC
=UNO  \\$aY
=ACF  \\$aPrevious copyright fee: GBP21.25$c13\1$e01-jan-2009$fGBP21.25$g0$hP$5Uk
=ACF  \\$aPrevious Copyright Fee: GBP16.75$c13\1$e14-aug-2007$fGBP16.75$g0$hP$5Uk
=ACF  \\$aPrevious copyright fee: GBP22.00$c13\1$e01-apr-2009$fGBP22.00$g0$hP$5Uk
=ACF  \\$aPrevious copyright fee: GBP22.00$c13\1$e12-aug-2012$fGBP22.00$g0$hP$5Uk
=ACF  \\$aPrevious copyright fee: GBP25.00$c13\1$e01-jan-2013$fGBP25.00$g0$hP$5Uk
=ACF  \\$aPrevious copyright fee: GBP25.77$c13\1$e01-jul-2013$fGBP25.77$g0$hP$5Uk
=ACF  \\$aPrevious copyright fee: GBP24.97$c13\1$e01-jan-2014$fGBP24.97$g0$hP$5Uk
=ACF  \\$aPrevious copyright fee: GBP24.21$c13\1$e01-jul-2014$fGBP24.21$g0$hP$5Uk
=ACF  \\$aPrevious copyright fee: GBP25.77$c13\1$e01-apr-2015$fGBP25.77$g0$hP$5Uk
=ACF  \\$aPrevious copyright fee: GBP26.63$c13\1$e01-jul-2015$fGBP26.63$g0$hP$5Uk
=ACF  \\$aPrevious copyright fee: GBP25.77$c13\1$e01-oct-2015$fGBP25.77$g0$hP$5Uk
=ACF  \\$aPrevious copyright fee: GBP27.55$c13\1$e01-apr-2016$fGBP27.55$g0$hP$5Uk
=ACF  \\$aPrevious copyright fee: GBP29.59$c13\1$e01-oct-2016$fGBP29.59$g0$hP$5Uk
=ACF  \\$aPrevious copyright fee: GBP31.96$c13\1$e01-apr-2017$fGBP31.96$g0$hP$5Uk
=ACF  \\$aPrevious copyright fee: GBP30.73$c13\1$e01-oct-2017$fGBP30.73$g0$hP$5Uk
=ACF  \\$aPrevious copyright fee: GBP28.54$c13\1$e01-apr-2018$fGBP28.54$g0$hP$5Uk
=LAS  \\$a5410$b40$c20230429$lBLL01$h1238

