=LDR  05431cas a2201213 a 4500
=001  014635710
=003  Uk
=005  20230322110054.0
=006  m\\\\\\\\d\\\\\\\\
=007  cr||||||||||||
=008  030919c19359999nyuqr\pss\\\\\0\\\a0eng\d
=FMT  \\$a  SE
=010  \\$a  2005238626
=022  \\$a1874-9372$l0006-8101
=035  \\$a(OCoLC)53054811
=040  \\$aBIK$cBIK$dOCoLC$dNPlaU$dOCoLC$dInU$dMiEM$dNSDP$dMiU$dUk
=042  \\$ansdp$aukblsr
=050  14$aQK1
=082  04$a580.5$223
=130  0\$aBotanical review (Online)
=210  0\$aBot. rev.$b(Online)
=222  \4$aThe Botanical review$b(Online)
=245  14$aThe botanical review$h[electronic resource].
=260  \\$aLancaster, PA :$bH.A. Gleason and E.H. Fulling,$c1935-
=260  3\$aNew York :$bSpringer
=310  \\$aQuarterly,$b1959-
=321  \\$aMonthly,$b1935-1941
=321  \\$a10 issues a year,$b1942-1958
=336  \\$atext$2rdacontent
=337  \\$acomputer$2rdamedia
=338  \\$aonline resource$2rdacarrier
=362  0\$aVol. 1, no. 1 (Jan. 1935)-
=500  \\$aTitle from cover (JSTOR, viewed Aug. 15, 2008).
=500  \\$aPublished: Bronx, New York, N.Y. : New York Botanical Garden, 1943-.
=538  \\$aMode of access: World Wide Web.
=588  \\$aLatest issue consulted: Vol. 77, no. 3 (Sept. 2011) (SpringerLink, viewed Sept. 21, 2011).
=540  \\$aCurrent copyright fee: GBP29.95$c22\1$5Uk
=650  \0$aBotany$vPeriodicals.
=710  2\$aNew York Botanical Garden.
=776  08$iAlso issued in print:$tBotanical review$x0006-8101
=856  \\$31850-9999$uhttp://www.springer.com/gb/$xBLDSS
=856  4\$uhttp://www.jstor.org/journals/000618101.html$zLink no longer valid
=856  40$3Vol. 68, no. 1 (Jan. 2002)-$uhttp://www.bioone.org/bioone/?request=get-journals-list&issn=0006-8101
=856  40$uhttp://www.springerlink.com/content/0006-8101/
=859  \\$aXLD$bejournal
=852  41$aBritish Library$bDSC$j2256.000000$3Volume 68:Issue 1(2002)-Volume 83:Issue 4(2017)***See ESTAR for full holdings.
=945  \\$aBotanical review
=959  \\$fHeld but not currently received
=979  \\$aBritish Library$bDSC$j2256.000000
=CAT  \\$a7174$b40$c20080605$lBLL01$h1038
=CAT  \\$aBATCH-UPD$b00$c20150219$lBLL01$h1756
=CAT  \\$aIPL-CLA$c20150331$lBLL01$h1657
=CAT  \\$aBATCH-UPD$b00$c20150520$lBLL01$h1800
=CAT  \\$aIPL-CLA$c20150630$lBLL01$h1701
=CAT  \\$aBATCH-UPD$b00$c20150820$lBLL01$h1846
=CAT  \\$aIPL-CLA$c20150930$lBLL01$h1827
=CAT  \\$aBATCH-UPD$b00$c20160217$lBLL01$h1738
=CAT  \\$aIPL-CLA$c20160331$lBLL01$h1750
=CAT  \\$aBATCH-UPD$b00$c20160524$lBLL01$h2212
=CAT  \\$aBATCH-UPD$b00$c20160525$lBLL01$h0035
=CAT  \\$aBATCH-UPD$b00$c20160824$lBLL01$h1804
=CAT  \\$aIPL-CLA$c20160930$lBLL01$h1621
=CAT  \\$aBATCH-UPD$b00$c20170216$lBLL01$h1853
=CAT  \\$aIPL-CLA$c20170331$lBLL01$h1859
=CAT  \\$aBATCH-UPD$b00$c20170904$lBLL01$h1903
=CAT  \\$aIPL-CLA$c20170929$lBLL01$h1745
=CAT  \\$aBATCH-UPD$b00$c20180223$lBLL01$h1736
=CAT  \\$aIPL-CLA$c20180331$lBLL01$h1638
=CAT  \\$aW1805-0475$c20180520$lBLL01$h1632
=CAT  \\$aBATCH-UPD$b00$c20180524$lBLL01$h1722
=CAT  \\$aIPL-CLA$c20180630$lBLL01$h1926
=CAT  \\$aW1908-0780$b00$c20200730$lBLL01$h1331
=CAT  \\$aCDS21$c20220118$lBLL01$h1105
=CAT  \\$aBATCH-UPD$b00$c20221121$lBLL01$h1403
=CAT  \\$aIPL-CLA$c20221231$lBLL01$h1449
=CAT  \\$a5410$b40$c20230322$lBLL01$h1100
=CFI  0\$aCurrent copyright fee: GBP29.95$c22\1$e01-jan-2023$fGBP29.95$g0$hP$5Uk
=CFI  2\$aPrevious copyright fee: GBP34.00$c22\1$e01-jul-2018$fGBP34.00$g0$hP$5Uk
=EST  \\$a1
=FFP  \\$aY$bBLDSS-3PM
=FIN  \\$aY$d20110921
=LKR  \\$aPAR$b011106934$lBLL01$r776$mThe botanical review (Online)$nBotanical review (Print)
=MNI  \\$a0006-8101
=SRC  \\$aBLL02
=TCO  \\$aTRS$bCCC$c008
=TOC  \\$aETOC
=UNO  \\$aY
=ACF  \\$aPrevious copyright fee: GBP21.25$c22\8$e01-jan-2009$fGBP21.25$g0$hP$5Uk
=ACF  \\$aPrevious Copyright Fee: GBP16.75$c22\8$e05-jun-2008$fGBP16.75$g0$hP$5Uk
=ACF  \\$aPrevious copyright fee: GBP22.00$c22\8$e01-apr-2009$fGBP22.00$g0$hP$5Uk
=ACF  \\$aPrevious copyright fee: GBP22.00$c22\8$e12-aug-2012$fGBP22.00$g0$hP$5Uk
=ACF  \\$aPrevious copyright fee: GBP25.00$c22\8$e01-jan-2013$fGBP25.00$g0$hP$5Uk
=ACF  \\$aPrevious copyright fee: GBP25.77$c22\8$e01-jul-2013$fGBP25.77$g0$hP$5Uk
=ACF  \\$aPrevious copyright fee: GBP24.97$c22\8$e01-jan-2014$fGBP24.97$g0$hP$5Uk
=ACF  \\$aPrevious copyright fee: GBP24.21$c22\8$e01-jul-2014$fGBP24.21$g0$hP$5Uk
=ACF  \\$aPrevious copyright fee: GBP25.77$c22\8$e01-apr-2015$fGBP25.77$g0$hP$5Uk
=ACF  \\$aPrevious copyright fee: GBP26.63$c22\8$e01-jul-2015$fGBP26.63$g0$hP$5Uk
=ACF  \\$aPrevious copyright fee: GBP25.77$c22\8$e01-oct-2015$fGBP25.77$g0$hP$5Uk
=ACF  \\$aPrevious copyright fee: GBP27.55$c22\8$e01-apr-2016$fGBP27.55$g0$hP$5Uk
=ACF  \\$aPrevious copyright fee: GBP29.59$c22\8$e01-oct-2016$fGBP29.59$g0$hP$5Uk
=ACF  \\$aPrevious copyright fee: GBP31.96$c22\8$e01-apr-2017$fGBP31.96$g0$hP$5Uk
=ACF  \\$aPrevious copyright fee: GBP30.73$c22\8$e01-oct-2017$fGBP30.73$g0$hP$5Uk
=ACF  \\$aPrevious copyright fee: GBP28.54$c22\8$e01-apr-2018$fGBP28.54$g0$hP$5Uk
=LAS  \\$a5410$b40$c20230322$lBLL01$h1100

