=LDR  06061cas a2201273 a 4500
=001  013107541
=003  Uk
=005  20230511162852.0
=006  m\\\\\\\\d\\\\\\\\
=007  cr\un|||||||||
=008  050615c19599999gw\fx\pso\\\\\0\\\b0eng\c
=FMT  \\$a  SE
=010  \\$a2011233292
=022  \\$a1618-1913$l0073-8301$26
=035  \\$a(OCoLC)60637988$z(OCoLC)48839660$z(OCoLC)49038079$z(OCoLC)300539246$z(OCoLC)456227180$z(OCoLC)530542412$z(OCoLC)654350779$z(OCoLC)696036245$z(OCoLC)696773230$z(OCoLC)746956274
=040  \\$aOCLCS$beng$cOCLCS$dAUD$dVRC$dCIT$dOCLCQ$dABC$dNKM$dGUA$dOCLCE$dCUD$dCCT$dUk
=041  0\$aeng$afre$ager
=042  \\$aukblsr
=050  14$aQA1
=082  04$a510.5$223
=210  1\$aPubl. math. IHES$b(Internet)
=222  \0$aPublications mathématiques de l'IHES$b(Internet)
=245  00$aPublications mathématiques de l'IHES$h[electronic resource].
=246  30$aPublications mathématiques
=260  \\$a[Heidelberg] :$bSpringer Berlin
=310  \\$aTwo issues a year
=336  \\$atext$2rdacontent
=337  \\$acomputer$2rdamedia
=338  \\$aonline resource$2rdacarrier
=362  1\$aPrint began with no 1 in 1959.
=500  \\$aEach issue has also a distinctive title.
=546  \\$aArticles in English, French or German.
=588  \\$aDescription based on: Vol. 85, no. 1 (Dec. 1997); title from contents screen (SpringerLink, viewed Oct. 13, 2011).
=588  \\$aLatest issue consulted: Vol. 114, no. 1 (Nov. 2011) (viewed Apr. 17, 2012).
=540  \\$aCurrent copyright fee: zero$c22\1$5Uk
=650  \0$aMathematics$vPeriodicals.
=650  \6$aMathématiques$xAssociations.
=650  17$aWiskunde.$2gtt
=650  \7$aMathematics.$2galestne
=653  0\$aMathematics
=710  2\$aInstitut des hautes études scientifiques (Paris, France)
=776  08$iPrint version:$tPublications mathematiques (Institut des Hautes Etudes Scientifiques (Paris, France))$x0073-8301
=856  \\$31850-9999$uhttp://www.springer.com/gb/$xBLDSS
=856  40$3HathiTrust Digital Library$uhttp://catalog.hathitrust.org/api/volumes/oclc/1638929.html
=856  40$uhttp://www.link.springer-ny.com/link/service/journals/10240/index.htm
=856  40$uhttp://www.springerlink.com/content/0073-8301/
=856  40$uhttp://www.springerlink.com/content/108804
=859  \\$aXLD$bejournal
=852  41$aBritish Library$bDSC$j7131.400000$3Volume 87:Issue 1(1998)-Volume 126:Issue 1(2017)***See ESTAR for full holdings.
=945  \\$aPublications mathematiques- Institut des Hautes Etudes Scientifiques
=959  \\$fHeld but not currently received
=979  \\$aBritish Library$bDSC$j7131.400000
=CAT  \\$a5552$b40$c20050209$lBLL01$h1154
=CAT  \\$aBATCH-UPD$b00$c20150520$lBLL01$h1750
=CAT  \\$aIPL-CLA$c20150630$lBLL01$h1646
=CAT  \\$aBATCH-UPD$b00$c20150820$lBLL01$h1837
=CAT  \\$aIPL-CLA$c20150930$lBLL01$h1806
=CAT  \\$aBATCH-UPD$b00$c20160217$lBLL01$h1727
=CAT  \\$aIPL-CLA$c20160331$lBLL01$h1727
=CAT  \\$aBATCH-UPD$b00$c20160520$lBLL01$h0835
=CAT  \\$aBATCH-UPD$b00$c20160524$lBLL01$h2210
=CAT  \\$aBATCH-UPD$b00$c20160824$lBLL01$h1755
=CAT  \\$aIPL-CLA$c20160930$lBLL01$h1603
=CAT  \\$aBATCH-UPD$b00$c20170216$lBLL01$h1843
=CAT  \\$aIPL-CLA$c20170331$lBLL01$h1844
=CAT  \\$aBATCH-UPD$b00$c20170904$lBLL01$h1851
=CAT  \\$aIPL-CLA$c20170929$lBLL01$h1729
=CAT  \\$aBATCH-UPD$b00$c20180223$lBLL01$h1720
=CAT  \\$aIPL-CLA$c20180331$lBLL01$h1620
=CAT  \\$aW1805-0475$c20180520$lBLL01$h1632
=CAT  \\$aBATCH-UPD$b00$c20180524$lBLL01$h1714
=CAT  \\$aIPL-CLA$c20180630$lBLL01$h1916
=CAT  \\$aW1908-0780$b00$c20200730$lBLL01$h1329
=CAT  \\$a5552$b40$c20210629$lBLL01$h0935
=CAT  \\$a5552$b40$c20210810$lBLL01$h1200
=CAT  \\$aCDS21$c20220118$lBLL01$h1105
=CAT  \\$a5410$b40$c20221213$lBLL01$h1354
=CAT  \\$a5410$b40$c20221213$lBLL01$h1355
=CAT  \\$aBATCH-FIX$c20230511$lBLL01$h1628
=CFI  0\$aCurrent copyright fee: zero$c22\1$e29-jun-2021$fGBP0.00$g0$hP$5Uk
=CFI  2\$aPrevious copyright fee: GBP34.00$c22\1$e01-jul-2018$fGBP34.00$g0$hP$5Uk
=EST  \\$a1
=FFP  \\$aY$bBLDSS-3PM
=FIN  \\$aY$d20120417
=LKR  \\$aPAR$b008549114$lBLL01$r776$mPublications mathématiques de l'IHES (Online)$nPublications mathematiques (Print)
=MNI  \\$a0073-8301
=SID  \\$aZ39$bOCLC
=TCO  \\$aZZZ$c008
=TCO  \\$aFRA$bCFC$c008
=TOC  \\$aETOC
=UNO  \\$aY
=ACF  \\$aPrevious copyright fee: GBP28.54$c22\3$e01-apr-2018$fGBP28.54$g0$hP$5Uk
=ACF  \\$aPrevious copyright fee: GBP16.67$c22\3$e01-jan-2006$fGBP16.67$g0$hP$5Uk
=ACF  \\$aPrevious copyright fee: GBP16.22$c22\3$e01-apr-2005$fGBP16.22$g0$hP$5Uk
=ACF  \\$aPrevious copyright fee: GBP16.67$c22\3$e01-jan-2005$fGBP16.67$g0$hP$5Uk
=ACF  \\$aPrevious copyright fee: GBP17.14$c22\3$e01-apr-2006$fGBP17.14$g0$hP$5Uk
=ACF  \\$aPrevious copyright fee: GBP22.00$c22\3$e12-aug-2012$fGBP22.00$g0$hP$5Uk
=ACF  \\$aPrevious copyright fee: GBP25.00$c22\3$e01-jan-2013$fGBP25.00$g0$hP$5Uk
=ACF  \\$aPrevious copyright fee: GBP25.77$c22\3$e01-jul-2013$fGBP25.77$g0$hP$5Uk
=ACF  \\$aPrevious copyright fee: GBP24.97$c22\3$e01-jan-2014$fGBP24.97$g0$hP$5Uk
=ACF  \\$aPrevious copyright fee: GBP24.21$c22\3$e01-jul-2014$fGBP24.21$g0$hP$5Uk
=ACF  \\$aPrevious copyright fee: GBP25.77$c22\3$e01-apr-2015$fGBP25.77$g0$hP$5Uk
=ACF  \\$aPrevious copyright fee: GBP26.63$c22\3$e01-jul-2015$fGBP26.63$g0$hP$5Uk
=ACF  \\$aPrevious copyright fee: GBP25.77$c22\3$e01-oct-2015$fGBP25.77$g0$hP$5Uk
=ACF  \\$aPrevious copyright fee: GBP27.55$c22\3$e01-apr-2016$fGBP27.55$g0$hP$5Uk
=ACF  \\$aPrevious copyright fee: GBP29.59$c22\3$e01-oct-2016$fGBP29.59$g0$hP$5Uk
=ACF  \\$aPrevious copyright fee: GBP31.96$c22\3$e01-apr-2017$fGBP31.96$g0$hP$5Uk
=ACF  \\$aPrevious copyright fee: GBP30.73$c22\3$e01-oct-2017$fGBP30.73$g0$hP$5Uk
=LAS  \\$aBATCH-FIX$b00$c20230511$lBLL01$h1628

