=LDR  06677cas a2201381 a 4500
=001  013559253
=003  Uk
=005  20230508111557.0
=006  m\\\\\o\\d\\\\\\\\
=007  cr\un|||||||||
=008  050822c19669999gw\br\pso\\\\\0\\\a0eng\c
=FMT  \\$a  SE
=010  \\$a2010234965
=022  0\$a1861-8901$l0938-8249$y0025-181X
=035  \\$a(OCoLC)61311506$z(OCoLC)61312503$z(OCoLC)753930255
=040  \\$aOCLCS$beng$cOCLCS$dOCLCS$dZ5A$dAUD$dOCLCQ$dLGG$dCIT$dEYM$dHUL$dOCLCQ$dBUF$dUk
=041  0\$aeng$afre$ager
=042  \\$aukblsr
=050  \4$aHD28
=082  04$a658.005$223
=130  0\$aManagement international review (Online)
=210  1\$aManag. int. rev.$b(1990, Internet)
=222  \0$aManagement international review$b(1990. Internet)
=245  10$aManagement international review$h[electronic resource].
=246  1\$iIssues for 1990- also have title:$aMIR
=260  \\$aWiesbaden :$bBetriebswirtschaftlicher Verlag,$c1966-
=260  2\$3<2006>-2012:$a[Germany] :$bGabler Verlag
=260  3\$32013- :$aWiesbaden :$bSpringer Fachmedien
=310  \\$aBimonthly,$b2006-
=321  \\$aSix no. a year,$b1966-1975
=321  \\$aQuarterly,$b1976-2005
=336  \\$atext$2rdacontent
=337  \\$acomputer$2rdamedia
=338  \\$aonline resource$2rdacarrier
=362  1\$aBegan with [v. 6], no. 2 (1966).
=500  \\$a"International review for management, managerial economics and education."
=500  \\$a"Journal of the European Foundation for Management Development."
=500  \\$aIncludes occasional special issues, 1991-.
=515  \\$aVols. for 1967- also called vol. 7-
=546  \\$aEnglish, French and German.
=588  \\$aDescription based on: [v. 6], no. 2 (1966); title from cover (JSTOR, viewed Apr. 23, 2010).
=588  \\$aLatest issue consulted: volume 53, issue 4 (August 2013); (SpringerLink, viewed September 11, 2013).
=500  \\$aPrint continues: Management international.
=540  \\$aCurrent copyright fee: GBP29.95$c22\1$5Uk
=650  \0$aManagement$vPeriodicals.
=650  17$aManagement.$2gtt
=690  7\$aManagement and Business Studies$2blcoll
=710  2\$aEuropean Foundation for Management Development.
=776  08$iPrint version:$tManagement international review$x0938-8249
=856  \\$31850-9999$uhttp://www.springer.com/gb/$xBLDSS
=856  40$31966-1989$uhttp://www.jstor.org/journals/0025181X.html
=856  40$31990-$uhttp://www.jstor.org/journals/09388249.html
=856  40$uhttp://gateway.proquest.com/openurl?ctx_ver=Z39.88-2003&res_id=xri:ItemLocation:pqd&rft_val_fmt=ori:fmt:kev:mtx:journal&genre=journal&req_dat=xri:pqil:pq_clntid=58117&res_dat=xri:pqil:res_ver=0.2&svc_id=xri:pqil:context=title&rft_id=xri:pqd:PMID=27051
=856  40$uhttp://link.springer.com/journal/11575
=856  40$uhttp://www.mir-online.de/
=856  40$uhttp://www.springerlink.com/content/120467/
=859  \\$aXLD$bejournal
=852  41$aBritish Library$bDSC$j5359.041000$3Volume 46:Issue 2(2006)-Volume 58:Issue 1(2018)***See ESTAR for full holdings.
=945  \\$aManagement international review
=959  \\$fHeld but not currently received
=979  \\$aBritish Library$bDSC$j5359.041000
=CAT  \\$a7174$b40$c20060921$lBLL01$h1029
=CAT  \\$aBATCH-UPD$b00$c20150219$lBLL01$h1649
=CAT  \\$aIPL-CLA$c20150331$lBLL01$h1646
=CAT  \\$aBATCH-UPD$b00$c20150520$lBLL01$h1706
=CAT  \\$aIPL-CLA$c20150630$lBLL01$h1652
=CAT  \\$aBATCH-UPD$b00$c20150820$lBLL01$h1755
=CAT  \\$aIPL-CLA$c20150930$lBLL01$h1814
=CAT  \\$aBATCH-UPD$b00$c20160217$lBLL01$h1643
=CAT  \\$aIPL-CLA$c20160331$lBLL01$h1736
=CAT  \\$aBATCH-UPD$b00$c20160524$lBLL01$h2157
=CAT  \\$aBATCH-UPD$b00$c20160524$lBLL01$h2251
=CAT  \\$aBATCH-UPD$b00$c20160824$lBLL01$h1719
=CAT  \\$aIPL-CLA$c20160930$lBLL01$h1609
=CAT  \\$aBATCH-UPD$b00$c20170216$lBLL01$h1806
=CAT  \\$aIPL-CLA$c20170331$lBLL01$h1849
=CAT  \\$aBATCH-UPD$b00$c20170904$lBLL01$h1808
=CAT  \\$aIPL-CLA$c20170929$lBLL01$h1734
=CAT  \\$aBATCH-UPD$b00$c20180223$lBLL01$h1625
=CAT  \\$aIPL-CLA$c20180331$lBLL01$h1626
=CAT  \\$aW1805-0475$c20180520$lBLL01$h1632
=CAT  \\$aBATCH-UPD$b00$c20180524$lBLL01$h1657
=CAT  \\$aIPL-CLA$c20180630$lBLL01$h1920
=CAT  \\$aW1908-0780$b00$c20200730$lBLL01$h1330
=CAT  \\$aCDS21$c20220118$lBLL01$h1105
=CAT  \\$aBATCH-UPD$b00$c20221121$lBLL01$h1401
=CAT  \\$aIPL-CLA$c20221231$lBLL01$h1447
=CAT  \\$a5410$b40$c20230508$lBLL01$h1115
=CFI  0\$aCurrent copyright fee: GBP29.95$c22\1$e01-jan-2023$fGBP29.95$g0$hP$5Uk
=CFI  2\$aPrevious copyright fee: GBP34.00$c22\1$e01-jul-2018$fGBP34.00$g0$hP$5Uk
=EST  \\$a1
=FFP  \\$aY$bBLDSS-3PM
=FIN  \\$aY$d20130911
=LKR  \\$aPAR$b011750237$lBLL01$r776$mManagement international review (Online)$nManagement international review (Print).
=MNI  \\$a0938-8249
=SID  \\$aZ39$bOCLC
=TCO  \\$aDEU$bVG WORT$c008
=TOC  \\$aETOC
=UNO  \\$aY
=ACF  \\$aPrevious copyright fee: GBP21.25$c13\3$e01-jan-2009$fGBP21.25$g0$hP$5Uk
=ACF  \\$aPrevious copyright fee: GBP16.75$c13\3$e01-jan-2007$fGBP16.75$g0$hP$5Uk
=ACF  \\$aPrevious Copyright Fee: GBP16.22$c13\3$e01-oct-2006$fGBP16.22$g0$hP$5Uk
=ACF  \\$aPrevious Copyright Fee: GBP17.14$c13\3$e21-sep-2006$fGBP17.14$g0$hP$5Uk
=ACF  \\$aPrevious copyright fee: GBP22.00$c13\3$e01-apr-2009$fGBP22.00$g0$hP$5Uk
=ACF  \\$aPrevious copyright fee: GBP22.00$c13\3$e12-aug-2012$fGBP22.00$g0$hP$5Uk
=ACF  \\$aPrevious copyright fee: GBP25.00$c13\3$e01-jan-2013$fGBP25.00$g0$hP$5Uk
=ACF  \\$aPrevious copyright fee: GBP25.77$c13\3$e01-jul-2013$fGBP25.77$g0$hP$5Uk
=ACF  \\$aPrevious copyright fee: GBP24.97$c13\3$e01-jan-2014$fGBP24.97$g0$hP$5Uk
=ACF  \\$aPrevious copyright fee: GBP24.21$c13\3$e01-jul-2014$fGBP24.21$g0$hP$5Uk
=ACF  \\$aPrevious copyright fee: GBP25.77$c13\3$e01-apr-2015$fGBP25.77$g0$hP$5Uk
=ACF  \\$aPrevious copyright fee: GBP26.63$c13\3$e01-jul-2015$fGBP26.63$g0$hP$5Uk
=ACF  \\$aPrevious copyright fee: GBP25.77$c13\3$e01-oct-2015$fGBP25.77$g0$hP$5Uk
=ACF  \\$aPrevious copyright fee: GBP27.55$c13\3$e01-apr-2016$fGBP27.55$g0$hP$5Uk
=ACF  \\$aPrevious copyright fee: GBP29.59$c13\3$e01-oct-2016$fGBP29.59$g0$hP$5Uk
=ACF  \\$aPrevious copyright fee: GBP31.96$c13\3$e01-apr-2017$fGBP31.96$g0$hP$5Uk
=ACF  \\$aPrevious copyright fee: GBP30.73$c13\3$e01-oct-2017$fGBP30.73$g0$hP$5Uk
=ACF  \\$aPrevious copyright fee: GBP28.54$c13\3$e01-apr-2018$fGBP28.54$g0$hP$5Uk
=LAS  \\$a5410$b40$c20230508$lBLL01$h1115

