=LDR  04426cas a2201057 a 4500
=001  017366020
=003  Uk
=005  20230416121334.0
=006  m\\\\\\\\d\\\\\\\\
=007  cr\|||||||||||
=008  150519c19919999fr\br\p\o\\\\\0\\\a0eng\\
=FMT  \\$a  SE
=022  \\$a1952-4013$l1167-1122$y1167-1122
=035  \\$a(OCoLC)60621772
=040  \\$aOCLCS$beng$cOCLCS$dOCLCQ$dVT2$dOCLCQ$dOCLCF$dOCLCO$dCUS$dAUD$dUk
=042  \\$aukblsr
=050  14$aRL1
=060  \4$aW1$bEU72DCL
=082  04$a616.5005$223
=130  0\$aEuropean journal of dermatology (Online)
=210  0\$aEur. j. dermatol.
=222  \0$aEuropean journal of dermatology
=245  10$aEuropean journal of dermatology$h[electronic resource] :$bEJD.
=246  10$aEJD
=260  \\$aMontrouge, France :$bJohn Libbey Eurotext
=310  \\$aBimonthly,$b2001-
=321  \\$aEight issues per year,$b-2000
=336  \\$atext$2rdacontent
=337  \\$acomputer$2rdamedia
=338  \\$aonline resource$2rdacarrier
=362  1\$aPrint began with v. 1, no. 1 (Oct. 1991).
=588  \\$aDescription based on print version record.
=588  \\$aLatest issue consulted: volume 25, number 3 (May-June 2015) (Springer Link, viewed September 1, 2015).
=540  \\$aCurrent copyright fee: GBP34.95$c22\1$5Uk
=650  \0$aDermatology$vPeriodicals.
=650  \0$aSkin$xDiseases$vPeriodicals.
=655  \7$aPeriodicals.$2fast
=776  08$iAlso issued in print as:$tEuropean journal of dermatology$x1167-1122
=856  40$32014-$uhttp://link.springer.com/journal/40699
=856  40$uhttp://www.jle.com/fr/revues/ejd/revue.phtml
=856  \\$31850-9999$uhttp://link.springer.com$xBLDSS
=859  \\$aXLD$bejournal
=852  41$aBritish Library$bDSC$j3668.416000$3Volume 25:Issue 1(2015)-Volume 27:Issue 6(2017)***See ESTAR for full holdings.
=945  \\$aEuropean journal of dermatology
=959  \\$fHeld but not currently received
=979  \\$aBritish Library$bDSC$j3668.416000
=CAT  \\$a12654$b40$c20150519$lBLL01$h1613
=CAT  \\$a8323$b40$c20150828$lBLL01$h0909
=CAT  \\$a8323$b40$c20150901$lBLL01$h0810
=CAT  \\$a8323$b40$c20150908$lBLL01$h1538
=CAT  \\$aBATCH-UPD$b40$c20160217$lBLL01$h1814
=CAT  \\$aIPL-CLA$c20160331$lBLL01$h1819
=CAT  \\$aBATCH-UPD$b00$c20160524$lBLL01$h2200
=CAT  \\$aBATCH-UPD$b00$c20160524$lBLL01$h2307
=CAT  \\$aBATCH-UPD$b00$c20160824$lBLL01$h1839
=CAT  \\$aIPL-CLA$c20160930$lBLL01$h1643
=CAT  \\$a5410$b40$c20161222$lBLL01$h1140
=CAT  \\$aBATCH-UPD$b40$c20170216$lBLL01$h1922
=CAT  \\$aIPL-CLA$c20170331$lBLL01$h1923
=CAT  \\$aBATCH-UPD$b00$c20170904$lBLL01$h1943
=CAT  \\$aIPL-CLA$c20170929$lBLL01$h1808
=CAT  \\$aBATCH-UPD$b00$c20180223$lBLL01$h1822
=CAT  \\$aIPL-CLA$c20180331$lBLL01$h1712
=CAT  \\$aW1805-0475$c20180520$lBLL01$h1632
=CAT  \\$aBATCH-UPD$b00$c20180524$lBLL01$h1740
=CAT  \\$aIPL-CLA$c20180630$lBLL01$h1942
=CAT  \\$aW1908-0780$b00$c20200730$lBLL01$h1333
=CAT  \\$a5552$b40$c20210811$lBLL01$h1227
=CAT  \\$aIPL-CLA$c20210930$lBLL01$h1529
=CAT  \\$aCDS21$c20220118$lBLL01$h1105
=CAT  \\$aBATCH-UPD$b00$c20221121$lBLL01$h1413
=CAT  \\$aIPL-CLA$c20221231$lBLL01$h1453
=CAT  \\$a5410$b40$c20230416$lBLL01$h1213
=CFI  0\$aCurrent copyright fee: GBP34.95$c22\1$e01-jan-2023$fGBP34.95$g0$hP$5Uk
=CFI  2\$aPrevious copyright fee: GBP43.00$c22\1$e01-oct-2021$fGBP43.00$g0$hP$5Uk
=EST  \\$a1
=FFP  \\$aY$bBLDSS-3PM
=FIN  \\$aY$d20150828
=LKR  \\$aPAR$b007848638$lBLL01$nEuropean journal of dermatology (Print)$mEuropean journal of dermatology (Online)$r776
=MNI  \\$a1952-4013
=SID  \\$aZ39$bOCLC
=TOC  \\$aETOC
=UNO  \\$aY
=ACF  \\$aPrevious copyright fee: GBP25.77$c4\1$e19-may-2015$fGBP25.77$g0$hP$5Uk
=ACF  \\$aPrevious copyright fee: GBP27.55$c4\1$e01-apr-2016$fGBP27.55$g0$hP$5Uk
=ACF  \\$aPrevious copyright fee: GBP29.59$c4\1$e01-oct-2016$fGBP29.59$g0$hP$5Uk
=ACF  \\$aPrevious copyright fee: GBP31.96$c4\1$e01-apr-2017$fGBP31.96$g0$hP$5Uk
=ACF  \\$aPrevious copyright fee: GBP30.73$c4\1$e01-oct-2017$fGBP30.73$g0$hP$5Uk
=ACF  \\$aPrevious copyright fee: GBP28.54$c4\1$e01-apr-2018$fGBP28.54$g0$hP$5Uk
=ACF  \\$aPrevious copyright fee: GBP34.00$c22\1$e01-jul-2018$fGBP34.00$g0$hP$5Uk
=LAS  \\$a5410$b40$c20230416$lBLL01$h1213

