=LDR  06257cas a2201381 a 4500
=001  013737566
=003  Uk
=005  20230313133131.0
=006  m\\\\fo\\d\\\\\\\\
=007  cr\|||||||||||
=008  021206c19799999ii\qr\p\o\\\\\0\\\a0eng\c
=FMT  \\$a  SE
=010  \\$a  2003252209$zsc 81007127 
=016  7\$a2071290-X$2DE-600
=022  0\$a0973-7138
=035  \\$a(OCoLC)51172566$z(OCoLC)50117965
=040  \\$aOUN$beng$cOUN$dWAU$dOCLCQ$dEYM$dWTU$dOCLCQ$dCUS$dSERSO$dHEBIS$dOCLCQ$dMYG$dTXA$dOCLCQ$dOCLCF$dUk
=042  \\$aukblsr
=050  14$aQH301
=050  14$aQD415.A1$bJ68
=082  04$a570.5$223
=130  0\$aJournal of biosciences (Online)
=222  \0$aJournal of biosciences$b(online)
=245  10$aJournal of biosciences$h[electronic resource].
=260  \\$a[Bangalore, India :$bIndian Academy of Sciences,$c1979]-
=264  31$aDelhi :$bSpringer India
=310  \\$aQuarterly
=336  \\$atext$2rdacontent
=337  \\$acomputer$2rdamedia
=338  \\$aonline resource$2rdacarrier
=362  1\$aPrint began with vol. 1, no. 1 (Mar. 1979).
=515  \\$aSome numbers issued in combined form.
=525  \\$aOccasional v. has numbered, supplemental issue.
=538  \\$aMode of access: World Wide Web.
=580  \\$aAbsorbed in June 1991: Proceeding. Plant sciences; and: Proceeding. Animal sciences.
=588  \\$aDescription based on: Vol. 1, no. 1 (Mar. 1979); title from issue table of contents (SpringerLink, viewed May 24, 2012).
=588  \\$aLatest issue consulted: volume 40, issue 3 (September 2015) (viewed September 15, 2015).
=540  \\$aCurrent copyright fee: GBP29.95$c22\1$5Uk
=650  \0$aBiochemistry$vPeriodicals.
=650  \0$aBiology$vPeriodicals.
=650  \0$aLife sciences$vPeriodicals.
=650  \2$aBiochemistry$vPeriodicals.
=650  \2$aBiology$vPeriodicals.
=650  \7$aBiochemistry.$2fast$0(OCoLC)fst00831961
=650  \7$aBiology.$2fast$0(OCoLC)fst00832383
=650  \7$aLife sciences.$2fast$0(OCoLC)fst00998323
=655  \7$aPeriodicals.$2fast$0(OCoLC)fst01411641
=710  2\$aIndian Academy of Sciences.
=776  08$iPrint version:$tJournal of biosciences$x0250-5991
=780  00$tProceedings, Experimental Biology Section
=780  15$tProceedings. Plant sciences
=780  15$tProceedings. Animal sciences
=856  \\$31850-9999$uhttp://www.springer.com/gb/$xBLDSS
=856  40$3v.1(1979)-v.22(1997).$uhttp://www.ias.ac.in/j_archive/jbiosci/volindex.html
=856  40$3v.23(1998)-$uhttp://www.ias.ac.in/jbiosci/
=856  40$uhttp://www.springerlink.com/content/0250-5991
=859  \\$aXLD$bejournal
=852  41$aBritish Library$bDSC$j4954.070000$3Volume 23:Issue 2(1998)-Volume 43:Issue 1(2018)***See ESTAR for full holdings.
=945  \\$aJournal of biosciences -Bangalore-
=959  \\$fHeld but not currently received
=979  \\$aBritish Library$bDSC$j4954.070000
=CAT  \\$a7174$b40$c20070502$lBLL01$h1633
=CAT  \\$aIPL-CLA$c20150331$lBLL01$h1649
=CAT  \\$aBATCH-UPD$b00$c20150520$lBLL01$h1750
=CAT  \\$aIPL-CLA$c20150630$lBLL01$h1655
=CAT  \\$aBATCH-UPD$b00$c20150820$lBLL01$h1838
=CAT  \\$a11316$b40$c20150915$lBLL01$h1056
=CAT  \\$aIPL-CLA$c20150930$lBLL01$h1817
=CAT  \\$aBATCH-UPD$b00$c20160217$lBLL01$h1728
=CAT  \\$aIPL-CLA$c20160331$lBLL01$h1739
=CAT  \\$aBATCH-UPD$b00$c20160524$lBLL01$h2211
=CAT  \\$aBATCH-UPD$b00$c20160525$lBLL01$h0027
=CAT  \\$aBATCH-UPD$b00$c20160824$lBLL01$h1755
=CAT  \\$aIPL-CLA$c20160930$lBLL01$h1612
=CAT  \\$aBATCH-UPD$b00$c20170216$lBLL01$h1843
=CAT  \\$aIPL-CLA$c20170331$lBLL01$h1852
=CAT  \\$aBATCH-UPD$b00$c20170904$lBLL01$h1852
=CAT  \\$aIPL-CLA$c20170929$lBLL01$h1737
=CAT  \\$aBATCH-UPD$b00$c20180223$lBLL01$h1722
=CAT  \\$aIPL-CLA$c20180331$lBLL01$h1628
=CAT  \\$aW1805-0475$c20180520$lBLL01$h1632
=CAT  \\$aBATCH-UPD$b00$c20180524$lBLL01$h1714
=CAT  \\$aIPL-CLA$c20180630$lBLL01$h1921
=CAT  \\$aW1908-0780$b00$c20200730$lBLL01$h1330
=CAT  \\$aCDS21$c20220118$lBLL01$h1105
=CAT  \\$aBATCH-UPD$b00$c20221121$lBLL01$h1401
=CAT  \\$aIPL-CLA$c20221231$lBLL01$h1448
=CAT  \\$a5410$b40$c20230313$lBLL01$h1331
=CFI  0\$aCurrent copyright fee: GBP29.95$c22\1$e01-jan-2023$fGBP29.95$g0$hP$5Uk
=CFI  2\$aPrevious copyright fee: GBP34.00$c22\1$e01-jul-2018$fGBP34.00$g0$hP$5Uk
=EST  \\$a1
=FFP  \\$aY$bBLDSS-3PM
=FIN  \\$aY$d20150915
=LET  \0$aJournal of biosciences (Electronic)
=LKR  \\$aPAR$b010488310$lBLL01$r776$mJournal of biosciences (Online)$nJournal of biosciences (Print)
=MNI  \\$a0250-5991
=SID  \\$aZ39$bOCLC
=TCO  \\$aDEU$bVG WORT$c008
=TCO  \\$aXXX$c008
=TOC  \\$aETOC
=UNO  \\$aY
=ACF  \\$aPrevious copyright fee: GBP21.25$c22\3$e01-jan-2009$fGBP21.25$g0$hP$5Uk
=ACF  \\$aPrevious Copyright Fee: GBP16.75$c22\3$e02-may-2007$fGBP16.75$g0$hP$5Uk
=ACF  \\$aPrevious copyright fee: GBP22.00$c22\3$e01-apr-2009$fGBP22.00$g0$hP$5Uk
=ACF  \\$aPrevious copyright fee: GBP22.00$c22\3$e12-aug-2012$fGBP22.00$g0$hP$5Uk
=ACF  \\$aPrevious copyright fee: GBP25.00$c22\3$e01-jan-2013$fGBP25.00$g0$hP$5Uk
=ACF  \\$aPrevious copyright fee: GBP25.77$c22\3$e01-jul-2013$fGBP25.77$g0$hP$5Uk
=ACF  \\$aPrevious copyright fee: GBP24.97$c22\3$e01-jan-2014$fGBP24.97$g0$hP$5Uk
=ACF  \\$aPrevious copyright fee: GBP24.21$c22\3$e01-jul-2014$fGBP24.21$g0$hP$5Uk
=ACF  \\$aPrevious copyright fee: GBP25.77$c22\3$e01-apr-2015$fGBP25.77$g0$hP$5Uk
=ACF  \\$aPrevious copyright fee: GBP26.63$c22\3$e01-jul-2015$fGBP26.63$g0$hP$5Uk
=ACF  \\$aPrevious copyright fee: GBP25.77$c22\3$e01-oct-2015$fGBP25.77$g0$hP$5Uk
=ACF  \\$aPrevious copyright fee: GBP27.55$c22\3$e01-apr-2016$fGBP27.55$g0$hP$5Uk
=ACF  \\$aPrevious copyright fee: GBP29.59$c22\3$e01-oct-2016$fGBP29.59$g0$hP$5Uk
=ACF  \\$aPrevious copyright fee: GBP31.96$c22\3$e01-apr-2017$fGBP31.96$g0$hP$5Uk
=ACF  \\$aPrevious copyright fee: GBP30.73$c22\3$e01-oct-2017$fGBP30.73$g0$hP$5Uk
=ACF  \\$aPrevious copyright fee: GBP28.54$c22\3$e01-apr-2018$fGBP28.54$g0$hP$5Uk
=LAS  \\$a5410$b40$c20230313$lBLL01$h1331

