=LDR  05383cas a2201213 a 4500
=001  014875942
=003  Uk
=005  20230511162953.0
=006  m\\\\\\\\d\\\\\\\\
=007  cr\un|||||||||
=008  060426c20069999ja\br\pss\\\\\0\\\\0eng\d
=FMT  \\$a  SE
=010  \\$a2008247673
=022  \\$a1880-6562
=035  \\$a(OCoLC)67712498
=040  \\$aOCLCS$cOCLCS$dOCLCS$dSBH$dUk
=041  0\$aeng
=042  \\$aukblsr
=050  \4$aQP1$b.J3
=060  \4$aW1$bJA972
=082  04$a571.05$222
=130  0\$aJournal of physiological sciences (Online)
=222  \0$aJournal of physiological sciences (Online)
=245  14$aThe journal of physiological sciences$h[electronic resource] :$bJPS.
=246  30$aJPS
=260  \\$aTokyo :$bPhysiological Society of Japan
=260  3\$32009-$aJapan :$bSpringer
=310  \\$aBimonthly
=336  \\$atext$2rdacontent
=337  \\$acomputer$2rdamedia
=338  \\$aonline resource$2rdacarrier
=362  1\$aPrint began with v. 56, no. 1 (Feb. 2006).
=500  \\$aDescription based on print version record.
=500  \\$aLatest issue consulted: Vol. 59, no. 1 (Jan. 2009) (SpringerLink, viewed Jan. 22, 2009).
=525  \\$aHas annual supplement containing the proceedings of the annual meeting of the Physiological Society of Japan.
=538  \\$aMode of access: World Wide Web.
=540  \\$aCurrent copyright fee: zero$c22\1$5Uk
=650  \0$aPhysiology$vPeriodicals.
=650  12$aPhysiology$vPeriodicals.
=710  2\$aNihon Seiri Gakkai.
=776  08$iAlso issued in print:$tJournal of physiological sciences$x1880-6546
=780  00$tJapanese journal of physiology (Online)$x1881-1396
=856  \\$31850-9999$uhttp://www.springer.com/gb/$xBLDSS
=856  4\$3-2008$uhttp://jps.physiology.jp/
=856  4\$3-2008$uhttp://www.jstage.jst.go.jp/browse/physiolsci/-char/en/
=856  40$uhttp://www.springerlink.com/journals/?sortorder=asc&sw=journal+of+physiological
=859  \\$aXLD$bejournal
=852  41$aBritish Library$bDSC$j5037.795000$3Volume 59:Issue 1(2009)-Volume 68:Issue 2(2018)***See ESTAR for full holdings.
=945  \\$aJournal of physiological sciences
=959  \\$fHeld but not currently received
=979  \\$aBritish Library$bDSC$j5037.795000
=CAT  \\$a8464$b40$c20090112$lBLL01$h1152
=CAT  \\$aBATCH-UPD$b00$c20150219$lBLL01$h1735
=CAT  \\$aIPL-CLA$c20150331$lBLL01$h1700
=CAT  \\$aBATCH-UPD$b00$c20150520$lBLL01$h1744
=CAT  \\$aIPL-CLA$c20150630$lBLL01$h1704
=CAT  \\$aBATCH-UPD$b00$c20150820$lBLL01$h1831
=CAT  \\$aIPL-CLA$c20150930$lBLL01$h1830
=CAT  \\$aBATCH-UPD$b00$c20160217$lBLL01$h1720
=CAT  \\$aIPL-CLA$c20160331$lBLL01$h1753
=CAT  \\$aBATCH-UPD$b00$c20160524$lBLL01$h2213
=CAT  \\$aBATCH-UPD$b00$c20160525$lBLL01$h0039
=CAT  \\$aBATCH-UPD$b00$c20160824$lBLL01$h1749
=CAT  \\$aIPL-CLA$c20160930$lBLL01$h1623
=CAT  \\$aBATCH-UPD$b00$c20170216$lBLL01$h1836
=CAT  \\$aIPL-CLA$c20170331$lBLL01$h1901
=CAT  \\$aBATCH-UPD$b00$c20170904$lBLL01$h1844
=CAT  \\$aIPL-CLA$c20170929$lBLL01$h1747
=CAT  \\$aBATCH-UPD$b00$c20180223$lBLL01$h1705
=CAT  \\$aIPL-CLA$c20180331$lBLL01$h1641
=CAT  \\$aW1805-0475$c20180520$lBLL01$h1632
=CAT  \\$aBATCH-UPD$b00$c20180524$lBLL01$h1708
=CAT  \\$aIPL-CLA$c20180630$lBLL01$h1928
=CAT  \\$aW1908-0780$b00$c20200730$lBLL01$h1331
=CAT  \\$a11033$b40$c20200803$lBLL01$h1225
=CAT  \\$a12654$b40$c20210618$lBLL01$h0915
=CAT  \\$a5410$b40$c20230401$lBLL01$h1126
=CAT  \\$aBATCH-FIX$c20230511$lBLL01$h1629
=CFI  0\$aCurrent copyright fee: zero$c22\1$e18-jun-2021$fGBP0.00$g0$hP$5Uk
=CFI  2\$aPrevious copyright fee: GBP34.00$c22\1$e01-jul-2018$fGBP34.00$g0$hP$5Uk
=EST  \\$a1
=FFP  \\$aY$bBLDSS-3PM
=FIN  \\$aY$d20090122
=LKR  \\$aPAR$b013494204$lBLL01$r776$mJournal of physiological sciences (Online)$njournal of physiological sciences (Print)
=MNI  \\$a1880-6546
=SID  \\$aZ39$bOCLC
=TCO  \\$aJPN$bJAACC$c008
=TOC  \\$aETOC
=UNO  \\$aY
=ACF  \\$aPrevious copyright fee: GBP28.54$c22\1$e01-apr-2018$fGBP28.54$g0$hP$5Uk
=ACF  \\$aPrevious copyright fee: GBP22.00$c22\1$e12-jan-2009$fGBP22.00$g0$hP$5Uk
=ACF  \\$aPrevious copyright fee: GBP22.00$c22\1$e12-aug-2012$fGBP22.00$g0$hP$5Uk
=ACF  \\$aPrevious copyright fee: GBP25.00$c22\1$e01-jan-2013$fGBP25.00$g0$hP$5Uk
=ACF  \\$aPrevious copyright fee: GBP25.77$c22\1$e01-jul-2013$fGBP25.77$g0$hP$5Uk
=ACF  \\$aPrevious copyright fee: GBP24.97$c22\1$e01-jan-2014$fGBP24.97$g0$hP$5Uk
=ACF  \\$aPrevious copyright fee: GBP24.21$c22\1$e01-jul-2014$fGBP24.21$g0$hP$5Uk
=ACF  \\$aPrevious copyright fee: GBP25.77$c22\1$e01-apr-2015$fGBP25.77$g0$hP$5Uk
=ACF  \\$aPrevious copyright fee: GBP26.63$c22\1$e01-jul-2015$fGBP26.63$g0$hP$5Uk
=ACF  \\$aPrevious copyright fee: GBP25.77$c22\1$e01-oct-2015$fGBP25.77$g0$hP$5Uk
=ACF  \\$aPrevious copyright fee: GBP27.55$c22\1$e01-apr-2016$fGBP27.55$g0$hP$5Uk
=ACF  \\$aPrevious copyright fee: GBP29.59$c22\1$e01-oct-2016$fGBP29.59$g0$hP$5Uk
=ACF  \\$aPrevious copyright fee: GBP31.96$c22\1$e01-apr-2017$fGBP31.96$g0$hP$5Uk
=ACF  \\$aPrevious copyright fee: GBP30.73$c22\1$e01-oct-2017$fGBP30.73$g0$hP$5Uk
=LAS  \\$aBATCH-FIX$b00$c20230511$lBLL01$h1629

