=LDR  05750cas a2201189 a 4500
=001  014935728
=003  Uk
=005  20230420113639.0
=006  m\\\\\\\\d\\\\\\\\
=007  cr\un|||||||||
=008  051014c20039999ko\qr\p\s\\\\\0\\\\0eng\d
=FMT  \\$a  SE
=022  0\$a2005-4092
=035  \\$a(OCoLC)62082191
=040  \\$aCUV$cCUV$dCUV$dUk
=042  \\$aukblsr
=082  04$a629.8$222
=130  0\$aInternational journal of control, automation, and systems (Online)
=245  10$aInternational journal of control, automation, and systems$h[electronic resource].
=246  1\$iAlso known as:$aIJCAS
=260  \\$aSeoul, Korea :$bInstitute of Control, Automation, and Systems Engineers [and Korean Institute of Electricial Engineers],$c2003-
=260  3\$a[Seoul, Korea?] :$bInstitute of Control, Robotics and Systems Engineers and the Korean Institute of Electricial Engineers, co-published with Springer-Verlag GmbH
=310  \\$aQuarterly
=336  \\$atext$2rdacontent
=337  \\$acomputer$2rdamedia
=338  \\$aonline resource$2rdacarrier
=362  0\$aVol. 1, no. 1 (Mar. 2003)-
=538  \\$aMode of access: World Wide Web.
=500  \\$aTitle from home page (viewed Oct. 13, 2005).
=500  \\$aLatest issue consulted: Vol. 7, no. 2 (Apr. 2009) (SpringerLink, viewed on May 20, 2009).
=540  \\$aCurrent copyright fee: GBP29.95$c22\1$5Uk
=650  \0$aSystems engineering$vPeriodicals.
=650  \0$aExpert systems (Computer science)$vPeriodicals.
=650  \0$aControl theory$vPeriodicals.
=650  \0$aAutomation$vPeriodicals.
=650  \0$aRobotics$vPeriodicals.
=710  2\$aInstitute of Control, Automation, and System Engineers (Korea)
=710  2\$aInstitute of Control, Robotics and Systems Engineers.
=710  2\$aTaehan Chŏn'gi Hakhoe.
=776  08$iAlso issued in print format: International journal of control, automation, and systems$x1598-6446
=780  00$tTransaction on control, automation and systems engineering (Online)$x1229-5140
=856  \\$31850-9999$uhttp://www.springer.com/gb/$xBLDSS
=856  40$3v.1(2003)-$uhttp://ijcas.com/original/year%5Flist.asp
=856  40$3v.7 (2009)-$uhttp://www.springerlink.com/content/121338/?p=3b6a036b603541b29b2cd9967687d6c1&pi=18
=859  \\$aXLD$bejournal
=852  41$aBritish Library$bDSC$j4542.177500$3Volume 7:Issue 1(2009)-Volume 16:Issue 1(2018)***See ESTAR for full holdings.
=945  \\$aInternational journal of control automation and systems.
=959  \\$fHeld but not currently received
=979  \\$aBritish Library$bDSC$j4542.177500
=CAT  \\$a11033$b40$c20090323$lBLL01$h1118
=CAT  \\$aBATCH-UPD$b00$c20150219$lBLL01$h1805
=CAT  \\$aIPL-CLA$c20150331$lBLL01$h1701
=CAT  \\$aBATCH-UPD$b00$c20150520$lBLL01$h1805
=CAT  \\$aIPL-CLA$c20150630$lBLL01$h1704
=CAT  \\$aBATCH-UPD$b00$c20150820$lBLL01$h1851
=CAT  \\$aIPL-CLA$c20150930$lBLL01$h1831
=CAT  \\$aBATCH-UPD$b00$c20160217$lBLL01$h1743
=CAT  \\$aIPL-CLA$c20160331$lBLL01$h1753
=CAT  \\$aBATCH-UPD$b00$c20160524$lBLL01$h2213
=CAT  \\$aBATCH-UPD$b00$c20160525$lBLL01$h0040
=CAT  \\$aBATCH-UPD$b00$c20160824$lBLL01$h1810
=CAT  \\$aIPL-CLA$c20160930$lBLL01$h1624
=CAT  \\$aBATCH-UPD$b00$c20170216$lBLL01$h1859
=CAT  \\$aIPL-CLA$c20170331$lBLL01$h1902
=CAT  \\$aBATCH-UPD$b00$c20170904$lBLL01$h1909
=CAT  \\$aIPL-CLA$c20170929$lBLL01$h1748
=CAT  \\$aBATCH-UPD$b00$c20180223$lBLL01$h1742
=CAT  \\$aIPL-CLA$c20180331$lBLL01$h1642
=CAT  \\$aW1805-0475$c20180520$lBLL01$h1632
=CAT  \\$aBATCH-UPD$b00$c20180524$lBLL01$h1728
=CAT  \\$aIPL-CLA$c20180630$lBLL01$h1928
=CAT  \\$aW1908-0780$b00$c20200730$lBLL01$h1332
=CAT  \\$aCDS21$c20220118$lBLL01$h1105
=CAT  \\$aBATCH-UPD$b00$c20221121$lBLL01$h1403
=CAT  \\$aIPL-CLA$c20221231$lBLL01$h1449
=CAT  \\$a5410$b40$c20230420$lBLL01$h1136
=CFI  0\$aCurrent copyright fee: GBP29.95$c22\1$e01-jan-2023$fGBP29.95$g0$hP$5Uk
=CFI  2\$aPrevious copyright fee: GBP34.00$c22\1$e01-jul-2018$fGBP34.00$g0$hP$5Uk
=EST  \\$a1
=FFP  \\$aY$bBLDSS-3PM
=FIN  \\$aY$d20090520
=LKR  \\$aPAR$b009858381$lBLL01$r776$mInternational journal of control, automation, and systems (Online)$nInternational journal of control, automation, and systems (Print)
=MNI  \\$a1598-6446
=SID  \\$aZ39$bOCLC
=TCO  \\$aXXX$c008
=TOC  \\$aETOC
=UNO  \\$aY
=ACF  \\$aPrevious copyright fee: GBP22.00$c23\3$e23-mar-2009$fGBP22.00$g0$hP$5Uk
=ACF  \\$aPrevious copyright fee: GBP22.00$c23\3$e12-aug-2012$fGBP22.00$g0$hP$5Uk
=ACF  \\$aPrevious copyright fee: GBP25.00$c23\3$e01-jan-2013$fGBP25.00$g0$hP$5Uk
=ACF  \\$aPrevious copyright fee: GBP25.77$c23\3$e01-jul-2013$fGBP25.77$g0$hP$5Uk
=ACF  \\$aPrevious copyright fee: GBP24.97$c23\3$e01-jan-2014$fGBP24.97$g0$hP$5Uk
=ACF  \\$aPrevious copyright fee: GBP24.21$c23\3$e01-jul-2014$fGBP24.21$g0$hP$5Uk
=ACF  \\$aPrevious copyright fee: GBP25.77$c23\3$e01-apr-2015$fGBP25.77$g0$hP$5Uk
=ACF  \\$aPrevious copyright fee: GBP26.63$c23\3$e01-jul-2015$fGBP26.63$g0$hP$5Uk
=ACF  \\$aPrevious copyright fee: GBP25.77$c23\3$e01-oct-2015$fGBP25.77$g0$hP$5Uk
=ACF  \\$aPrevious copyright fee: GBP27.55$c23\3$e01-apr-2016$fGBP27.55$g0$hP$5Uk
=ACF  \\$aPrevious copyright fee: GBP29.59$c23\3$e01-oct-2016$fGBP29.59$g0$hP$5Uk
=ACF  \\$aPrevious copyright fee: GBP31.96$c23\3$e01-apr-2017$fGBP31.96$g0$hP$5Uk
=ACF  \\$aPrevious copyright fee: GBP30.73$c23\3$e01-oct-2017$fGBP30.73$g0$hP$5Uk
=ACF  \\$aPrevious copyright fee: GBP28.54$c23\3$e01-apr-2018$fGBP28.54$g0$hP$5Uk
=LAS  \\$a5410$b40$c20230420$lBLL01$h1136

